2940 5144
375 650 415 704 De
434 650 599 706 Bacchidum
617 650 760 706 Plautinae
778 652 971 708 retractatione
989 655 1122 711 scaenica.
1279 654 1320 717 87

103 842 106 846 ⁴
169 829 204 889 ut
220 822 362 890 ueritatis
378 841 473 889 sensu
492 821 606 888 ceteris
627 823 790 907 praeierit:
814 823 961 890 nimirum
984 829 1055 892 cum
1078 847 1129 894 uu.
1150 831 1317 896 486-’488

169 929 416 990 aretractatore
444 921 635 1007 repetendos
664 942 736 990 esse
764 924 985 1010 suspicaretur.
1033 927 1102 1006 Quo
1130 929 1213 998 facto
1243 951 1318 999 num

169 1047 236 1092 rem
258 1023 442 1109 absoluerit,
465 1044 522 1091 suo
545 1024 614 1090 loco
638 1024 827 1091 uidebimus.

253 1126 424 1207 Reliquum
447 1133 495 1192 est
518 1132 552 1193 ut
574 1127 685 1210 paucis
708 1147 951 1194 commemorem
972 1129 1179 1195 nouissimum
1205 1133 1317 1200 harum

168 1249 271 1295 rerum
288 1229 457 1295 arbitrum:
478 1228 511 1293 O.
528 1229 569 1294 M.
585 1229 864 1294 Franckonum
880 1229 962 1311 dieo,
979 1230 1033 1310 qui
1048 1230 1079 1294 in
1094 1231 1317 1319 Mnemosynes

168 1331 230 1396 uol.
248 1331 308 1396 Vll
330 1329 371 1412 (a.
392 1330 486 1412 1879)
508 1350 538 1412 p.
558 1333 724 1393 184-204
747 1330 789 1396 de
811 1329 944 1415 Epidico
968 1330 1125 1398 disseruit.
1159 1333 1223 1399 Ubi
1246 1355 1316 1400 cum

167 1434 267 1499 multa
282 1432 374 1500 docte
390 1430 552 1516 disputata
567 1430 760 1497 inuenissem
773 1431 806 1514 ¹),
827 1431 1003 1500 admiratus
1018 1455 1088 1501 sum
1102 1454 1218 1500 nouam
1235 1436 1316 1502 hanc

166 1555 262 1617 quam
280 1534 319 1600 de
335 1535 482 1600 uniuerso
499 1532 732 1599 retractationis
748 1552 864 1615 genere
879 1535 911 1599 in
928 1535 1033 1602 animo
1055 1537 1111 1602 ille
1133 1536 1316 1604 informauit

167 1636 364 1720 opinionem:
390 1635 478 1701 credi
500 1655 563 1700 non
587 1633 704 1700 debere
727 1654 797 1700 eam
820 1635 950 1703 fabulae
971 1637 1105 1703 alicuius
1127 1645 1259 1722 partem,
1282 1639 1315 1706 in

165 1757 230 1819 qua
252 1738 353 1802 multa
376 1736 549 1818 offendant,
573 1740 776 1802 retractatam
799 1757 870 1803 esse
893 1738 1081 1822 editionem;
1104 1739 1200 1806 immo
1222 1759 1314 1822 prae·

165 1839 359 1905 stantiorem.
401 1833 499 1904 ‘Nam
516 1828 654 1921 oportet’
680 1838 782 1919 inquit
801 1833 910 1922 ‘illud,
931 1840 1019 1924 quod
1034 1840 1157 1906 melius
1171 1847 1236 1923 est,
1259 1863 1312 1909 ex-

161 1940 305 2006 istimare
327 1939 446 2006 maiore
468 1946 501 2004 et
522 1939 638 2006 iterata
660 1959 735 2005 cura
757 1943 934 2006 confectum
957 1960 1043 2024 esse,
1066 1960 1129 2006 non
1151 1942 1237 2026 quod
1260 1943 1314 2009 de-

163 2033 278 2117 terius?
326 2041 440 2121 Neque
466 2046 572 2106 tamen
602 2039 772 2107 demouere
802 2060 852 2106 me
881 2040 984 2124 potuit
1012 2041 1051 2106 de
1080 2043 1219 2127 priorum
1243 2065 1313 2110 sen-

163 2145 278 2225 tentia,
309 2143 364 2223 qui
384 2142 490 2206 Plauti
511 2141 638 2225 ingenio
665 2141 738 2225 plus
768 2141 970 2208 tribuendum
993 2144 1198 2229 censebant,
1217 2164 1313 2225 quum

162 2244 298 2330 proximi
321 2244 441 2308 saeculi
465 2249 632 2326 poetarum
655 2243 857 2308 histricorum
881 2262 983 2308 rurae.
1042 2253 1045 2258 “

567 2599 568 2602 ‘
628 2614 847 2682 crannus

245 2754 264 2832 ξ
290 2754 337 2816 18.
381 2751 449 2817 Iam
472 2769 563 2833 uero,
595 2758 764 2835 postquam
787 2748 927 2835 priorum
950 2748 1128 2815 criticorum
1151 2769 1242 2816 curas
1265 2750 1311 2817 ita

158 2855 405 2938 percensuimus,
430 2861 463 2920 ut
479 2852 593 2919 eodem
608 2853 735 2933 negotio
752 2872 824 2918 cum
839 2851 880 2917 de
902 2851 1019 2933 insigni
1041 2850 1180 2932 quodam
1203 2872 1310 2919 exem-

159 2956 229 3039 plo,
260 2955 292 3020 in
316 2975 378 3036 quo
400 2954 535 3020 iteratae
558 2954 791 3020 retractationis
813 2954 951 3020 rationes
975 2951 1185 3020 demonstrari
1213 2974 1309 3038 posse

159 3055 359 3141 uiderentur,
388 3062 455 3121 tum
478 3054 520 3120 de
540 3055 580 3121 iis
603 3055 697 3139 locis,
728 3056 844 3136 quiex
873 3055 945 3138 ipsa
967 3053 1072 3120 Plauti
1094 3054 1309 3123 Bacchidibus

159 3156 316 3224 immerito
339 3177 360 3220 a
382 3151 574 3237 quibusdam
596 3157 639 3221 ad
661 3157 723 3222 hoc
744 3175 844 3239 genus
867 3155 1025 3238 pertinere
1052 3153 1164 3220 crediti
1192 3162 1308 3238 essent,

159 3265 299 3324 nostram
330 3275 561 3341 exponeremus
590 3255 797 3322 seutentiam:
832 3250 995 3320 doctrinae
1028 3256 1309 3340 exemplorumque

159 3357 349 3442 duplicibus,
373 3376 454 3438 quae
470 3357 546 3423 inde
561 3357 627 3441 peti
641 3362 797 3440 poterant,
820 3355 989 3440 praesidiis
1010 3355 1096 3421 aucti
1117 3356 1308 3424 accedamus

159 3458 202 3523 ad
225 3478 305 3539 eam,
330 3477 424 3538 quam
447 3458 541 3523 huius
563 3456 797 3523 dissertationis
819 3457 993 3521 maximam
1015 3463 1138 3542 partem
1161 3478 1231 3548 esse
1253 3480 1306 3527 uo·

158 3560 288 3626 luimus:
312 3564 346 3626 ut
369 3581 415 3626 ex
437 3559 510 3624 hac
532 3578 604 3623 una
627 3576 723 3638 quam
739 3557 877 3624 diximus
892 3558 1024 3636 fabula
1042 3577 1166 3625 omnes
1189 3558 1306 3645 locos,

159 3662 303 3742 quibus
326 3661 525 3745 impressa
551 3664 719 3728 exstent
747 3659 1307 3729 retractationisscaenicae

157 3761 354 3845 uestigia,
379 3767 410 3827 et
425 3779 642 3846 congeramus,
666 3761 857 3844 ordinemus,
881 3759 1097 3844 disputatione
1112 3761 1306 3831 illustremus

109 3878 111 3882 “
157 3868 264 3945 atque,
288 3863 488 3943 quantumin
503 3865 596 3931 nobis
611 3865 707 3931 situm
729 3865 780 3947 sit,
806 3862 1020 3945 emendemus,
1044 3870 1085 3946 et,
1109 3863 1216 3947 quoad
1236 3865 1305 3934 fieri

247 4066 268 4129 ll
286 4063 362 4126 Alia,
387 4068 418 4116 ut
435 4062 493 4116 fieri
511 4063 628 4130 adsolet,
652 4079 749 4133 parum
766 4063 880 4118 feliciter
898 4025 930 4117 ei
943 4066 1092 4118 cesserunt.
1128 4064 1210 4118 Velut
1233 4063 1306 4131 quod

157 4163 252 4202 uersus
263 4147 343 4216 Epid.
357 4151 492 4202 tto-416
510 4162 661 4215 repugnare
672 4150 753 4216 putat
763 4147 887 4202 uersibus
907 4150 1050 4213 itt-tte,
1068 4144 1154 4201 falsus
1173 4150 1221 4200 est.
1250 4147 1305 4202 Ne·

157 4247 208 4299 que
220 4232 291 4286 enim
303 4231 379 4298 haec,
398 4247 468 4300 quae
479 4232 605 4300 leguntur
622 4249 667 4286 uu.
681 4235 807 4294 iit-76,
826 4229 937 4283 tendere
954 4229 990 4302 ad
1004 4230 1126 4300 patellam
1139 4229 1306 4302 Periphanta

157 4333 248 4372 amore
264 4316 443 4383 ollrcieadam,
462 4316 510 4371 sed
527 4317 562 4372 ad
580 4317 703 4371 lenonem
719 4315 856 4385 pertinere
874 4314 1068 4383 decipiendum,
1087 4313 1202 4370 dilucide
1215 4315 1304 4370 decla·

156 4404 217 4454 rant
235 4416 280 4456 uu.
292 4405 418 4456 tet-87.
