2940 5144
181 603 244 663 156
580 602 757 658 Gualtharius
776 602 950 657 Brachmann

178 796 267 841 mum
282 773 403 840 addere
418 775 663 859 explicationem
678 775 867 860 interposita
882 773 1011 855 quidem
1026 774 1161 842 alterins
1176 795 1342 860 personae

181 876 346 943 brenicula
374 875 636 958 interrogatione,
666 877 778 957 quales
806 883 894 943 sunt:
924 875 1073 961 quidum?
1103 878 1171 961 qui,
1203 877 1341 941 amoto?

181 997 263 1063 quor
291 976 436 1039 tourtam!
465 978 515 1039 dic
543 977 719 1063 quomodo?
747 978 932 1059 similesque
962 976 1123 1043 sudlentis
1150 975 1337 1045 admiratio-

180 1097 254 1144 nem
284 1078 500 1162 exprimentes
513 1078 544 1160 ¹).
594 1080 706 1145 Potest
733 1085 857 1159 tamen,
886 1084 921 1143 ut
948 1097 1093 1145 rasuram
1119 1078 1209 1144 illam
1237 1081 1337 1145 trium

180 1178 359 1245 litterarum
373 1198 394 1244 a
409 1178 628 1264 dittographia
642 1181 779 1246 uoculae
793 1178 853 1240 loo
867 1179 1075 1262 repetendam
1090 1199 1162 1247 csse
1179 1181 1250 1249 ueri
1271 1202 1336 1249 non

181 1280 337 1346 dissimile
352 1288 411 1362 est,
433 1280 479 1345 ita
493 1282 633 1365 spatium
654 1288 729 1347 ante
750 1279 810 1343 lroo
832 1299 969 1346 uacuum
991 1300 1012 1346 a
1033 1281 1165 1349 librario
1186 1282 1335 1349 relictum

181 1400 269 1447 mero
292 1401 369 1447 casu
391 1386 494 1447 ortum
517 1382 668 1448 simulare
690 1386 813 1447 tantum
835 1380 1018 1447 detrimenti
1040 1383 1163 1467 accepti
1181 1384 1335 1467 speeiem.

267 1488 352 1559 §lb
389 1482 449 1548 llis
464 1483 620 1549 absolutis
639 1489 838 1551 transeamus
860 1480 904 1546 ad
925 1481 1147 1550 difficillimam
1169 1485 1336 1551 tertiam

180 1583 301 1650 huius
329 1602 504 1650 scaenae
533 1590 696 1667 portem.
741 1585 831 1664 Quae
862 1582 992 1667 quidem
1015 1585 1133 1666 quain
1154 1588 1337 1672 exemplari

181 1684 381 1751 Ritcheliano
407 1684 524 1768 legitur
551 1684 640 1751 facili
668 1685 881 1752 concinnitate
909 1685 1108 1767 aliquantum
1134 1705 1211 1754 sene
1238 1687 1338 1754 abest

180 1805 201 1850 a
223 1785 441 1852 turbatissima
461 1785 579 1869 forma,
610 1806 706 1867 quam
727 1787 801 1852 libri
823 1787 986 1872 praebent.
1030 1785 1153 1870 Quare,
1180 1806 1255 1853 cnm
1277 1808 1339 1856 eas

180 1886 380 1970 potissimum
407 1886 615 1969 offensiones,
645 1907 729 1969 quae
757 1889 818 1954 hae
846 1888 878 1952 in
907 1888 1093 1969 quaestione
1120 1887 1163 1955 ad
1190 1889 1338 1956 calculos

180 1987 345 2054 necandae
360 1988 433 2071 sint,
455 1988 648 2055 Ritsohelius
662 1988 815 2055 mutando
830 1995 886 2056 aut
906 1990 1070 2056 sustulerit
1091 1995 1146 2055 aut
1167 1989 1210 2056 ab
1232 1990 1341 2057 oculis

180 2090 364 2157 remouerit:
395 2095 430 2157 ut
450 2088 575 2156 firmum
603 2096 732 2156 nostrae
761 2090 970 2173 disputationi
998 2089 1192 2157 subiciamus
1217 2090 1340 2158 funda-

180 2198 333 2276 mentum,
355 2211 459 2274 neque
483 2210 600 2276 operae
621 2211 726 2273 neque
748 2191 878 2258 chartae
899 2191 1096 2277 parcendum
1118 2210 1189 2259 esse
1209 2190 1341 2259 iudica·

180 2293 284 2360 uimus
308 2294 383 2376 quin
405 2295 562 2378 integram
584 2292 668 2358 hanc
693 2299 835 2378 partem,
866 2293 970 2375 qualis
1000 2299 1105 2361 exstet
1130 2293 1164 2357 in
1185 2293 1341 2362 Vetere

181 2394 353 2479 (lodice,
383 2395 556 2461 secundum
584 2394 751 2459 Hinckii
781 2393 1033 2477 testimonium2)
1064 2394 1236 2476 diligenter
1263 2415 1340 2481 per-

179 2497 332 2578 scriptam
353 2502 427 2561 ante
447 2497 555 2563 oculos
577 2514 743 2580 ponamus.
779 2494 923 2578 Accedit,
947 2493 1032 2579 quod
1054 2495 1125 2580 ipsa
1146 2494 1229 2562 mira
1251 2516 1341 2582 quae

179 2595 299 2664 tradita
322 2600 371 2662 est
391 2617 540 2663 uersuum
562 2594 726 2680 discriptio
747 2615 811 2662 non
832 2596 1046 2680 spernendam
1071 2598 1233 2663 nonnullis
1255 2599 1341 2666 locis

180 2699 336 2782 praebere
358 2697 528 2764 uidebatur
549 2696 738 2763 restituendi
759 2716 881 2763 ansam.
925 2697 1084 2764 Numeros
1105 2697 1340 2783 adscripsimus

181 2804 214 2864 et
236 2798 329 2865 huius
351 2817 489 2865 scaenae
511 2798 611 2883 ipsius
634 2797 763 2880 quidem
784 2797 910 2865 Veteris
932 2805 1135 2866 numerantes
1156 2799 1341 2869 uersiculos

181 2905 214 2965 et
243 2898 391 2966 editionis
417 2901 662 2968 Ritsoheliauae.
706 2898 846 2966 Additae
874 2906 947 2966 sunt
974 2907 1149 2968 ceterorum
1178 2900 1339 2969 librorum

180 3000 397 3083 discrepantes
418 3002 594 3086 scripturae
617 3021 699 3083 quae
722 3000 851 3083 quidem
879 3000 1068 3085 insigniores
1098 3000 1296 3071 uidebantur
1318 3023 1339 3071 e

178 3101 346 3169 Ritsohelii
367 3110 525 3186 apparatu
547 3104 655 3171 critico
681 3103 835 3170 delectae.

179 3206 328 3215 *-

265 3256 290 3316 1)
307 3252 358 3306 Ex.
372 3268 396 3306 c.
410 3252 444 3306 cl.
457 3252 530 3306 Men.
546 3257 600 3307 161.
616 3253 698 3307 Most.
710 3258 767 3307 733.
787 3254 849 3307 Ter.
859 3252 927 3307 Hec.
938 3258 1001 3320 3193
1020 3240 1128 3321 saepius
1140 3252 1339 3320 respondentis

179 3335 267 3389 oratio
279 3335 375 3404 incipit
387 3351 404 3389 a
417 3337 608 3391 coniunctione
621 3339 694 3407 quia,
707 3338 784 3391 uelut
795 3338 852 3391 Mil.
863 3338 905 3391 Gl.
917 3342 974 3392 325.
987 3338 1087 3406 Amph.
1099 3340 1173 3389 1032.
1187 3336 1265 3391 Trin.
1278 3342 1338 3392 166.

179 3419 303 3473 Ceterum
316 3420 401 3474 simile
414 3423 456 3474 ost
468 3420 593 3488 loquendi
605 3436 697 3489 genus,
712 3422 784 3489 quod
796 3423 926 3478 habemus
939 3423 968 3476 in
979 3422 1079 3475 Bacch.
1091 3438 1118 3475 u.
1128 3424 1191 3475 317:
1209 3420 1260 3475 ubi
1272 3438 1338 3477 curn

177 3502 276 3560 Bothio
295 3504 468 3558 scribendum
485 3504 593 3559 uidetur
611 3504 666 3571 Qui
681 3507 786 3560 nereis?
805 3526 826 3561 z:
836 3506 957 3572 Quia...
976 3521 1025 3561 seu
1042 3505 1141 3574 potius,
1158 3510 1190 3558 ut
1206 3509 1338 3561 seruetur

177 3588 279 3643 tradita
296 3587 430 3643 uetustior
447 3588 560 3642 abletiui
577 3589 673 3654 forma,
694 3588 767 3655 Quid
784 3591 897 3657 nesciet),
915 3606 970 3645 non
989 3605 1050 3644 cum
1067 3589 1171 3644 Ritsch.
1190 3593 1218 3643 et
1233 3588 1335 3645 Fleck.

177 3674 267 3738 trouu
284 3674 389 3727 noscis?
1214 3692 1216 3697 ¹

263 3761 290 3822 2)
307 3758 425 3812 Pusillus
438 3756 574 3826 quaslibet
585 3771 629 3812 res
641 3774 697 3813 non
708 3758 805 3813 anxius
819 3759 943 3814 hocloco
958 3758 1053 3813 curaui
1065 3772 1146 3826 quam
1158 3771 1244 3825 supra
1256 3759 1274 3826 ἕ
1284 3762 1334 3827 293

178 3842 309 3895 nonnulla
325 3844 467 3911 praeterea
483 3842 512 3895 in
529 3842 582 3897 hoc
599 3856 697 3911 genere
715 3858 749 3896 ex
768 3844 921 3897 conlatione
938 3842 985 3897 illa
1003 3841 1121 3895 dilucide
1139 3842 1267 3909 cognosci
1284 3856 1334 3896 ne-

178 3926 302 3995 quibunt.
337 3926 390 3982 Sed
407 3926 558 3994 sciendum,
583 3927 641 3980 ubi
658 3926 904 3996 interpunctionem
921 3925 1142 3994 significaucrim‚
1164 3924 1204 3979 lbi
1220 3924 1335 3981 Hinckii

176 4026 219 4065 mc
237 4010 278 4064 uti
296 4012 471 4080 auctoritate3
498 4012 634 4068 contrario
652 4012 731 4067 modo
756 4028 811 4066 non
832 4010 1033 4080 interpunxisse
1056 4009 1198 4064 librarium
1219 4010 1335 4079 reliquie

176 4094 244 4150 locis
263 4110 296 4150 ex
314 4095 420 4150 silentio
440 4096 573 4164 conligere
591 4096 737 4151 nonlicet.
773 4095 900 4151 Similiter
917 4094 1126 4162 grandiusculae
1148 4094 1258 4150 litterae
1278 4094 1334 4149 inl·

176 4179 256 4235 tialcs
267 4180 296 4234 in
308 4180 360 4235 hoo
374 4182 496 4250 exemplo
514 4196 569 4235 non
588 4196 734 4249 expressae
751 4180 804 4235 nisi
821 4181 868 4234 ubi
884 4181 913 4234 in
930 4181 1087 4235 membrana
1104 4182 1232 4234 marstem
1249 4181 1336 4249 sunt;
1426 4205 1432 4217 ·

176 4277 264 4331 neque
275 4269 367 4318 tamen
379 4264 563 4321 contenderim
575 4264 620 4320 uel
633 4264 771 4337 philippis
788 4282 815 4319 u.
829 4270 861 4321 68
876 4266 921 4320 uel
936 4265 990 4320 mel
1006 4283 1033 4320 u.
1046 4270 1079 4320 84
1096 4262 1230 4320 similiare
1246 4277 1265 4317 a
1281 4264 1336 4319 mi-

176 4347 292 4402 nuscule
309 4348 428 4418 incipere
446 4350 545 4404 littera.
