2940 5144
358 671 400 725 De
419 670 585 726 Bacchidum
603 670 747 725 Plautinae
764 671 957 727 retractatione
976 674 1108 729 scaenica.
1267 674 1309 736 85

155 845 394 924 adnectensquc
417 843 593 907 orationem
615 841 658 906 ad
681 861 736 924 ea,
767 861 850 922 quae
873 842 1003 910 confuse
1025 864 1055 910 5.
1080 849 1141 909 505
1163 848 1311 914 51555555

155 953 240 1027 erat,
264 965 376 1010 uerum
399 962 470 1009 esse
492 938 674 1026 pronuntiat
696 942 862 1026 deperdito
883 964 919 1010 se
940 944 1031 1009 illam
1054 964 1176 1012 amare:
1203 968 1308 1030 neque

154 1054 261 1113 tamen
284 1046 318 1110 id
341 1045 410 1112 fieri
432 1065 541 1129 posse,
565 1052 600 1109 ut
623 1044 668 1127 ei,
692 1063 775 1126 quae
797 1064 868 1112 sese
889 1045 1061 1129 spreuerit‚
1089 1048 1170 1115 ultro
1193 1050 1308 1117 offerat

154 1149 224 1216 auri
240 1147 374 1232 copiam.
408 1147 523 1227 Itaque
538 1145 600 1212 hoc
614 1146 709 1212 modo
726 1166 760 1213 55
774 1146 864 1211 illam
887 1147 998 1214 ulcisci
1020 1149 1114 1230 uelle,
1137 1157 1172 1215 ut
1193 1152 1308 1235 opibus

155 1250 304 1331 omnique
319 1268 376 1332 spe
391 1248 547 1314 libertatis
571 1246 723 1313 destituta
744 1249 808 1313 iam
830 1249 901 1333 ipsa
924 1256 1095 1330 cognoscat
1117 1244 1213 1317 'stulto
1235 1271 1311 1319 5555

155 1352 278 1418 1551555.
1391 1339 1397 1344 ’

240 1452 368 1538 Optime
393 1452 489 1533 igitur
519 1450 626 1516 omnia
655 1470 689 1517 se
718 1450 854 1532 habent,
884 1458 1071 1533 tantumque
1099 1454 1183 1520 inest
1210 1475 1305 1520 uenu-

154 1557 315 1622 stissimae
340 1554 461 1618 ironiae
489 1554 521 1617 in
550 1552 590 1617 iis
618 1551 818 1634 potissimum
848 1553 1008 1638 uersibus,
1037 1573 1117 1635 quos
1139 1557 1310 1641 Ussingius

155 1657 275 1742 expelli
295 1657 397 1736 iussit,
419 1658 454 1717 ut
476 1672 538 1718 non
560 1653 683 1736 possint
704 1673 767 1719 non
790 1654 1020 1720 Plautinissimi
1043 1656 1154 1724 uideri.
1200 1662 1305 1740 Atque

155 1757 368 1841 Kiesslingius
391 1775 486 1837 quarn
509 1755 593 1819 male
615 1753 826 1838 dispcsouerit
847 1775 957 1822 uersus
980 1760 1148 1822 500-519
1178 1781 1307 1826 monere

155 1862 220 1926 iam
235 1878 316 1942 opus
338 1858 395 1923 uix
418 1861 473 1922 est.
512 1858 562 1921 De
585 1855 685 1919 tribus
708 1875 785 1920 uero
807 1856 873 1920 illis
897 1862 1075 1942 512-514,
1098 1879 1230 1941 quorum
1251 1880 1305 1943 ge-

156 1962 269 2027 mellos
285 1959 479 2039 eosdemque
494 1956 717 2022 miserabiliter
732 1956 883 2023 confictos
898 1965 970 2041 post
986 1964 1047 2022 510
1063 1968 1212 2027 exaratos
1224 1962 1307 2027 Pall.

156 2064 230 2128 libri
252 2061 427 2143 uenditant,
451 2059 566 2140 quibus
586 2056 714 2138 quidem
734 2077 797 2123 una
819 2078 889 2124 cum
912 2059 1000 2125 hisce
1022 2059 1087 2124 iam
1108 2067 1182 2127 ante
1197 2063 1305 2129 Kiess-

155 2164 288 2244 lingium
310 2163 362 2227 Fr.
379 2161 526 2228 Osannus
547 2157 590 2223 ad
613 2159 883 2242 comprobandam
907 2160 1065 2243 duplicem
1088 2163 1324 2229 recensionem.

155 2266 273 2330 abusus
291 2262 401 2345 55551),
425 2261 502 2345 quid
518 2258 560 2325 ad
577 2259 775 2343 praeclaram
792 2260 958 2327 Ritschelii
980 2262 1227 2346 disputationem
1249 2249 1304 2328 ad-

156 2366 230 2431 dam
253 2365 435 2431 mehercule
457 2382 520 2429 555
542 2360 692 2441 habe02).
1079 2375 1081 2379 ·

240 2468 352 2532 Restat
374 2473 409 2531 55
429 2465 462 2530 15
485 2461 636 2531 extremis
658 2482 794 2529 scaenae
817 2463 998 2531 uersiculis:

358 2598 462 2652 Eadem
480 2598 608 2662 exorabo,
627 2594 758 2666 Chrysalo
777 2595 859 2651 55555
877 2612 936 2651 mea

359 2681 442 2736 Pater
460 2698 494 2736 ne
512 2687 610 2735 noceat
629 2687 691 2746 [555
710 2681 773 2749 quid
791 2682 816 2736 ei
834 2685 992 2737 suscenseat

358 2767 420 2821 Mea
442 2782 525 2821 causa
542 2767 575 2821 de
592 2771 670 2831 auro]
689 2764 762 2836 quod
780 2781 841 2820 eum
858 2764 1012 2822 ludificatus
1030 2771 1080 2821 est.
1145 2834 1147 2837 Υ

359 2851 429 2905 Nam
446 2853 485 2905 illi
503 2849 645 2920 aequomst
662 2867 704 2906 me
723 2851 872 2917 consulere,
893 2851 938 2919 qui
957 2849 1040 2906 causa
1057 2866 1117 2905 mea

359 2937 533 2992 Mendacium
551 2936 575 2990 ei
592 2936 667 2990 dixit.
695 2952 745 2991 uos
763 2950 805 2989 me
823 2934 972 3014 sequimini.
1093 2961 1096 2973 ‹
1257 2941 1306 2990 525

93 3038 97 3055 “
126 3046 127 3049 ’
222 3048 324 3088 adnot.
343 3045 451 3088 critic:

291 3111 350 3160 525,
369 3112 404 3174 El,
424 3125 473 3238 non)
483 3111 520 3160 10,
535 3115 560 3160 Α,
577 3123 619 3154 om.
632 3111 681 3152 rell.
703 3108 772 3169 (idem
786 3109 812 3151 lll
828 3111 964 3164 1555555555
980 3124 1001 3152 a.
1017 3112 1086 3163 Apro
1101 3109 1133 3152 illi
1147 3111 1307 3159 Palestinorum,

223 3195 243 3223 5.
261 3183 303 3227 522
323 3180 358 3241 do
374 3192 416 3233 pro
436 3178 461 3222 ei.
619 3176 625 3182 ’

156 3407 250 3445 corum
273 3391 416 3459 scrupulis.
445 3388 591 3442 Teuffelius
610 3389 679 3442 enim
697 3388 767 3442 Nou.
779 3380 874 3442 ¹annal.
892 3391 912 3441 t.
930 3392 975 3441 113
995 3389 1120 3452 (51810)
1139 3405 1165 3456 p.
1180 3392 1229 3442 539
1246 3389 1307 3458 fut-

156 3476 214 3530 tilia
238 3491 288 3543 pro
311 3477 410 3543 futoro
433 3474 530 3527 Plauto
556 3471 700 3527 obtrudere
727 3476 841 3527 conatus
863 3472 917 3528 hoc
941 3488 970 3528 se
994 3473 1101 3528 omnino
1125 3488 1179 3526 non
1201 3472 1307 3527 intelle-

155 3575 218 3629 gere
234 3559 385 3630 profitetur.
413 3556 566 3624 Ussingium
580 3556 697 3625 produnt
711 3574 764 3613 non
780 3557 952 3624 intellexisse,
971 3573 1040 3626 quae
1054 3558 1307 3612 commentariorum

156 3662 181 3713 p.
201 3650 251 3699 410
262 3661 300 3712 55.
319 3643 475 3711 disputauit.
511 3641 564 3695 Sed
580 3658 623 3697 res
641 3644 702 3697 luce
720 3642 827 3696 clarior.
862 3642 941 3708 Haec
959 3642 1041 3708 enim,
1059 3656 1129 3709 quae
1145 3655 1241 3711 reapse
1256 3641 1306 3709 fu·

157 3735 323 3802 torserant,
341 3729 358 3781 i.
373 3743 395 3781 e.
408 3732 439 3781 ut
449 3727 612 3781 Bacchidem
629 3728 813 3792 ulcisceretur,
831 3732 863 3781 55
879 3741 974 3781 aurum
992 3724 1123 3791 redderet,
1141 3731 1172 3779 ut
1190 3727 1307 3779 amatam

157 3815 185 3866 in
199 3818 345 3881 egestatem
359 3817 474 3880 cogeret,
494 3811 531 3864 od
543 3810 741 3879 buacmodum,
759 3813 776 3867 i.
786 3827 809 3866 e.
824 3811 863 3865 ita
876 3817 907 3866 ut
920 3826 1032 3880 prorsus
1047 3809 1198 3864 contrarius
1211 3823 1307 3864 sensus

157 3897 479 3962 555555551555555.
499 3901 556 3949 555.
576 3901 633 3950 sor.
653 3900 709 3950 sos.
912 3888 914 3894 ’

246 3986 269 4048 1)
286 3982 388 4036 Errore
404 3978 508 4034 factum
526 3994 586 4034 esso
605 3980 698 4046 credo,
722 3981 793 4050 quod
812 3980 843 4034 0.
863 3980 1009 4049 Seyffertus
1028 3977 1103 4034 Stud.
1122 3978 1209 4032 Plaut.
1228 3994 1253 4046 p.
1277 3982 1308 4030 10

156 4062 377 4122 ‘retractationis'
390 4069 593 4119 enumeraturus
603 4065 724 4134 exempla
733 4065 819 4134 primo
831 4064 899 4118 adeo
911 4064 972 4119 loco
985 4064 1035 4119 hos
1047 4062 1135 4117 adfert
1145 4062 1311 4135 uersiculos.

243 4154 270 4216 1)
288 4151 383 4219 Neque
395 4149 538 4217 Ussingius
556 4152 646 4202 5513
665 4149 770 4204 adscito
789 4163 822 4202 ex
839 4147 929 4203 Nonio
943 4148 1074 4218 plumbea
1091 4162 1142 4215 pro
1159 4144 1259 4200 tradito
1277 4145 1307 4199 in

156 4235 218 4290 libr.
232 4235 347 4306 plumea
364 4234 445 4288 fidem
463 4233 536 4301 apud
553 4247 596 4286 me
614 4231 719 4299 quidem
737 4231 808 4287 fecit.
840 4231 908 4286 Vide
926 4229 1206 4298 Ritschelii-Parerga¹
1217 4246 1244 4298 p.
1255 4233 1305 4283 410

157 4323 241 4372 -423
260 4320 330 4375 5551.
348 4318 447 4389 Opusc.
465 4319 491 4372 11
507 4334 535 4387 p.
556 4322 605 4372 286
623 4317 699 4384 adn.;
723 4315 823 4370 ibidem
840 4314 974 4380 inuenies,
998 4314 1061 4383 quid
1079 4315 1115 4369 sit
1132 4315 1306 4370 statuendum

158 4402 190 4457 de
208 4404 382 4459 similitudine
398 4417 526 4458 uersuum
545 4407 594 4456 510
612 4407 639 4456 55
656 4404 715 4455 520.
