2948 4746
363 556 404 609 De
422 554 588 610 Bacchidem
605 553 749 610 Plautinae
765 557 956 613 retractatione
973 560 1106 614 scaenica.
1245 559 1302 620 101

245 727 347 804 Quem
369 726 548 805 argumenti
570 730 774 810 conspectum
797 726 825 792 si
848 727 918 806 quis
941 729 1087 808 quamuis
1109 731 1213 798 obiter
1235 750 1304 814 per·

159 827 345 906 cucurrerit,
375 827 491 892 sentiet
518 833 626 892 tamen
657 827 769 893 abesse
799 834 918 893 cerium
948 834 980 895 et
1007 836 1204 897 constantem
1234 852 1305 916 pro-

160 947 304 1011 gressum
323 929 550 994 sententiarum
574 950 612 994 ec
634 947 804 995 conexum:
826 927 924 995 immo
947 928 1085 1014 dispesci
1107 933 1234 1017 saepius
1257 954 1305 1018 ea,

160 1048 242 1109 quac
258 1027 399 1095 ciusdem
421 1030 484 1095 sint
505 1030 691 1114 argumenti,
715 1030 887 1114 coniugari,
911 1049 993 1111 quae
1015 1031 1078 1096 sint
1099 1032 1305 1101 alienissima.

160 1130 240 1195 Sunt
255 1137 361 1196 autem
377 1129 460 1196 duae
474 1131 645 1216 praecipue
663 1150 724 1211 res,
746 1148 828 1211 quae
850 1131 1003 1198 acerrime
1025 1132 1134 1198 oeulos
1156 1135 1305 1216 perstrin-

159 1238 250 1314 gunt:
279 1230 380 1315 prior,
411 1232 496 1314 quod
519 1231 643 1298 duobus
666 1232 744 1298 locis
768 1231 903 1298 diuersis
926 1233 1086 1299 contentio
1108 1234 1165 1299 illa
1186 1233 1219 1298 in
1242 1234 1305 1300 sin·

158 1335 250 1418 gulas
274 1352 426 1416 personas
449 1334 636 1399 transfertur
656 1333 704 1398 ita
726 1333 864 1415 quidem,
888 1340 922 1399 ut
943 1333 967 1399 ii
989 1334 1061 1420 ipsi,
1085 1336 1140 1417 qui
1161 1335 1226 1401 iam
1249 1357 1304 1421 ap-

159 1435 332 1520 pellatione
356 1435 495 1514 quadam
518 1453 559 1499 ex
582 1433 730 1500 Troianis
750 1434 868 1501 fabulis
890 1443 1019 1519 sumpta
1040 1437 1142 1502 notati
1164 1437 1236 1517 sint,
1264 1458 1305 1504 ex

158 1544 249 1620 parte
271 1535 446 1619 posteriore
471 1536 541 1601 loco
570 1536 686 1602 iterum
715 1536 787 1602 aliis
814 1537 995 1603 nominibus
1024 1544 1215 1621 augeantur,
1246 1559 1306 1605 uec

159 1638 262 1702 minus
277 1635 411 1701 offendit
425 1635 580 1701 audacem
594 1638 683 1702 illam
702 1637 804 1704 Ulixis
823 1637 1070 1722 expeditionem,
1093 1657 1189 1721 quam
1212 1662 1305 1702 πτω-

156 1743 248 1818 χείας
263 1736 390 1803 nominc
405 1734 582 1821 significare
598 1739 818 1805 censuerimus
829 1739 861 1822 ¹),
878 1739 927 1804 bis
939 1747 1218 1806 commemoratam
1233 1760 1305 1806 cum

159 1838 273 1905 eodem
289 1838 456 1918 utrobique
472 1837 620 1923 Chrysali
639 1839 779 1922 periculo
801 1841 994 1923 comparari:
1018 1841 1118 1921 quid?
1142 1840 1228 1924 quod
1251 1840 1304 1906 iis

159 1941 231 2005 dem
254 1941 320 2005 fere
343 1938 449 2004 uerbis
472 1945 605 2020 utroque
627 1941 698 2006 loco
721 1944 858 2006 ornatur.

244 2041 383 2118 Quorum
406 2040 547 2105 locorum
569 2058 640 2104 cam
669 2059 739 2105 csse
767 2039 1003 2122 condicionem,
1032 2046 1067 2104 ut
1094 2041 1180 2105 nullo
1210 2040 1305 2107 modo

158 2147 291 2222 uterque
306 2141 399 2206 simul
415 2140 587 2205 consistere
605 2139 716 2222 possit,
740 2145 804 2204 tam
827 2146 971 2224 apertum
993 2144 1050 2223 est,
1074 2146 1108 2205 ut
1131 2139 1226 2206 ualde
1248 2140 1304 2206 ad-

159 2242 253 2307 mirer
276 2248 350 2306 ante
365 2240 593 2323 Kiesslingium
608 2240 767 2307 neminem
783 2242 952 2323 exstitisse,
976 2241 1030 2323 qui
1046 2242 1231 2307 alterutrum
1250 2261 1305 2306 ex·
1333 2298 1335 2304 .

158 2343 301 2426 pelleret.
345 2341 645 2408 Luculentissimum
667 2328 751 2407 ehim
774 2341 826 2407 hic
847 2342 1002 2408 babemus
1031 2341 1213 2426 duplicis
1242 2364 1305 2410 re-

159 2442 367 2510 censionis
396 2443 594 2525 cxemplum,
624 2441 711 2524 quod
740 2441 801 2509 hoc
829 2442 1002 2528 specimine
1032 2443 1132 2509 oculis
1161 2443 1306 2510 subicere

157 2545 246 2610 licei:

668 2675 744 2730 Rea.
763 2677 796 2728 A.

158 2793 257 2863 Epiust
273 2794 451 2848 Pistoclerus:
470 2793 504 2847 ab
523 2808 555 2847 eo
573 2793 640 2847 haec
659 2796 802 2862 sumptae·
824 2792 1007 2849 Mnesilochus
1026 2791 1117 2848 Siuost
1255 2797 1303 2848 931

159 2878 287 2933 Relictus.
316 2879 396 2932 cllum
414 2878 469 2933 ndu
487 2877 515 2931 in
533 2877 613 2932 busto
632 2876 741 2944 Achilli,
760 2876 852 2931 sedin
869 2877 940 2932 lecto
959 2876 1090 2931 adcubat:

158 2961 321 3016 Bacchidem
333 2963 417 3017 habet
428 2976 527 3026 secum,
545 2961 591 3014 illc
603 2961 667 3015 olim
684 2961 740 3030 (aa)
758 2960 853 3014 babuit
863 2963 959 3028 ignem,
978 2960 1024 3027 qui
1036 2961 1138 3027 siguum
1151 2960 1242 3015 daret:

138 3046 239 3101 *Nunc
257 3045 345 3115 ipsum
364 3046 459 3099 exurit.
488 3043 536 3112 ego
554 3061 613 3098 sum
632 3045 732 3109 Ulixes,
751 3044 845 3111 quoius
865 3043 976 3098 coneilio
994 3042 1063 3096 haec
1080 3049 1185 3110 gerunt.
1256 3048 1306 3098 949

158 3131 229 3183 Nam
240 3131 280 3183 illi
291 3130 382 3183 itidem
392 3128 498 3183 Ulixem
509 3128 610 3190 audiui,
624 3131 654 3180 ut
666 3142 714 3194 ego
725 3142 791 3189 sum,
804 3126 890 3180 fuisse
903 3133 930 3179 ct
942 3125 1072 3179 audacem
1080 3125 1109 3178 91
1120 3127 1228 3181 malum.
1256 3132 1306 3183 949

159 3214 287 3268 Meadcici
304 3227 352 3279 ego
370 3226 486 3280 prensus
504 3226 577 3292 sum:
595 3211 639 3264 ille
657 3211 783 3264 inuentus
801 3205 959 3263 mendicans
976 3222 1063 3276 paene
1081 3209 1180 3276 interit,

159 3296 229 3350 Dum
247 3295 285 3349 ibi
301 3294 376 3348 fecta
393 3295 510 3361 exquirit
527 3295 646 3347 iliorum.
672 3292 832 3347 adsimiliter
849 3293 885 3346 mi
902 3291 983 3346 bodie
1000 3292 1108 3361 optigit:

159 3381 272 3445 Vinctus
290 3394 358 3442 sum,
377 3377 425 3431 sed
443 3376 511 3431 dolis
529 3394 572 3431 me
590 3377 687 3430 exemi:
706 3377 771 3430 item
788 3376 833 3429 1119
851 3372 989 3430 resecuit
1008 3375 1084 3430 dolis.
1256 3383 1305 3432 esi

227 3488 328 3528 Δ1111191.
346 3485 425 3527 crit:

294 3549 444 3606 937-940,
462 3552 565 3605 capuciati
583 3563 596 3593 a
615 3552 709 3605 chcio,
729 3551 805 3593 abeunt
823 3551 848 3593 ub
866 3552 936 3593 Ambra
960 3545 964 3612 Ι
989 3547 1046 3597 93'1.
1066 3550 1116 3592 inde
1129 3548 1157 3610 (3)
1173 3563 1214 3603 pro
1233 3552 1260 3594 ab
1279 3564 1305 3596 eu

227 3621 342 3664 liacllerus
357 3621 411 3662 11111.
424 3620 484 3663 Pros.
503 3620 534 3662 Pl.
547 3633 569 3672 p.
581 3621 615 3668 99,
634 3631 661 3661 ne
678 3619 770 3661 uitiosus
786 3619 815 3661 sit
833 3625 920 3673 quartus
938 3617 1047 3661 octonarii
1062 3628 1114 3669 per,-
1132 3619 1170 3660 red
1188 3619 1304 3662 dimetian-

239 3771 262 3828 1)
276 3763 421 3818 Nacratem
433 3763 527 3834 Odyss.
537 3764 576 3819 IV
585 3767 729 3828 ill-258,
745 3763 779 3818 cf.
792 3762 885 3830 Eurip.
895 3761 1000 3816 Hecub.
1012 3766 1154 3818 239-259.
1181 3761 1308 3818 Ueterum

159 3848 424 3904 animaduertendum
443 3855 485 3902 est
503 3853 611 3917 poetam
634 3864 688 3901 non
704 3846 889 3912 Homericam,
914 3846 962 3901 aed
979 3845 1154 3915 Euripideum
1171 3846 1307 3901 narratio·

159 3951 219 3990 nem
237 3933 371 4003 amplecti,
389 3933 417 3986 id
429 3933 501 4000 quod
512 3933 541 3987 in
552 3933 701 4002 posteriore
713 3932 796 4000 magis
809 3946 889 3999 quam
900 3930 930 3984 in
942 3930 1033 3999 priore
1049 3930 1109 3985 loco
1129 3929 1307 3997 conspicuum

160 4026 212 4084 eat,
235 4033 396 4086 quemquam
413 4033 446 4072 ne
463 4018 508 4071 hic
526 4016 632 4083 quidem
655 4017 734 4070 latet:
759 4016 831 4085 apud
849 4015 995 4069 Homerum
1019 4014 1089 4067 enim
1106 4013 1236 4070 Hecubae
1253 4015 1308 4068 hac

159 4105 187 4158 in
204 4120 234 4158 re
251 4103 325 4157 nulla
342 4101 373 4156 fit
390 4101 498 4156 mentio.
534 4100 620 4168 Quam
643 4099 750 4168 quidem
774 4114 830 4152 rem
854 4098 919 4152 satis
942 4097 1119 4166 probabiliter
1137 4097 1307 4166 Ladcwigiuu

160 4188 302 4248 (Analecta
316 4186 449 4251 scaenica,
467 4201 557 4254 progr.
569 4201 657 4254 gymn.
671 4183 742 4238 Nou.
755 4181 855 4236 Strelit.
874 4197 898 4235 a.
914 4186 978 4236 1818
996 4197 1022 4250 p.
1038 4185 1078 4247 ll)
1096 4181 1227 4236 1111111111
1245 4198 1306 4236 uer·

160 4272 260 4325 aionem
277 4270 387 4324 fabulae
405 4269 568 4338 Euripideae
585 4268 697 4322 rettulit.
724 4267 765 4322 01.
784 4267 936 4321 Excursum
953 4267 974 4320 l.
