2940 5144
167 328 226 387 134
558 325 734 380 Gnaltbarius
751 324 927 381 Brachmann

164 501 292 566 turbent
306 500 423 565 iustum
438 496 668 564 sententiarum
690 496 835 563 ordinem
857 514 961 578 neque
981 493 1046 579 ipsi
1069 492 1249 578 quicquam
1268 495 1315 561 ad·

163 602 268 668 forant
289 600 363 666 noui
449 598 509 665 nisi
533 598 613 666 torte
635 598 733 664 aliam
754 617 822 663 rom
844 616 916 663 esse
937 614 1068 679 censes,
1101 615 1205 678 quam
1230 617 1313 683 supra

166 725 195 770 u.
209 708 269 767 313
285 703 435 785 attigerat
447 738 488 748 -
500 720 613 769 uereor
625 719 665 765 ne
677 698 931 784 interpolationis
942 697 1062 765 crimen
1074 718 1143 765 non
1159 698 1310 783 effugiant

248 806 316 870 lam
339 824 415 871 uero
445 804 612 885 loquacem
641 801 730 867 illam
758 799 913 868 sermonis
940 799 1124 867 ubertatem
1157 800 1256 867 etiam
1280 821 1310 868 eo

164 907 370 991 interpolator
393 904 534 988 contulit,
558 903 613 968 nbi
635 923 677 968 ex
699 902 769 986 ipsa
791 901 926 969 aetionis
947 906 1062 969 natura
1083 922 1223 987 prorsus
1242 902 1310 969 nihil

163 1008 379 1076 excusationis
401 1005 490 1072 nasci
512 1010 651 1090 poterat:
678 1005 711 1070 in
733 1012 908 1072 extremam
930 1020 1069 1069 scaenae
1090 1009 1231 1087 partem.
1272 1006 1310 1071 do

162 1129 213 1176 res
229 1108 358 1190 quidem
374 1106 621 1174 euidentissima.
658 1108 741 1173 Nam
758 1106 809 1173 cui
831 1104 977 1173 crederes
998 1102 1154 1173 adridere
1177 1107 1310 1189 potuisse

73 1272 77 1277 .
162 1212 243 1277 tales
259 1210 443 1289 uersiculos,
467 1208 578 1290 quales
593 1218 666 1292 post
683 1229 711 1274 ιι.
729 1212 788 1273 357
809 1227 871 1273 uno
886 1211 997 1273 tenore
1012 1206 1224 1275 continuatos
1245 1228 1308 1275 uen-

162 1313 266 1378 ditant
288 1311 375 1376 libri:

315 1442 368 1496 Sed
386 1443 449 1511 quld
466 1442 622 1507 futurumst,
641 1458 721 1519 quom
739 1441 791 1495 lroe
809 1455 892 1495 sonex
909 1438 1068 1494 rescluorit‘l
1270 1446 1310 1496 358

315 1527 401 1595 Quom
418 1541 448 1581 se
466 1522 655 1580 excucurrisse
672 1525 736 1579 lllue
753 1525 856 1580 frustra
873 1524 983 1581 soluerit

314 1611 425 1680 Nosque
441 1615 538 1665 aurum
555 1612 665 1673 abusos,
684 1609 749 1679 quid
766 1610 832 1664 mihi
848 1611 897 1665 fiet
913 1608 1026 1677 posteat

160 1751 197 1814 ln
221 1747 335 1830 quibus
357 1768 429 1813 oum
451 1746 629 1812 sententiae
652 1747 798 1815 molestia
819 1747 961 1813 iunctum
990 1750 1040 1811 est
1067 1750 1311 1830 grammaticum

160 1850 289 1933 uitium,
317 1870 389 1915 eum
410 1847 606 1914 insecundo
634 1866 729 1913 uersu
758 1869 815 1934 pro
843 1848 974 1911 soluerit
1000 1849 1104 1913 forma
1132 1852 1311 1931 requiratur

160 1959 216 2017 aut
236 1950 328 2014 coibit
346 1951 400 2016 uel
422 1952 498 2013 solet
520 1955 576 2014 aut
597 1948 677 2014 illud
699 1950 813 2034 ipsum,
838 1948 923 2031 quod
944 1950 978 2014 in
999 1949 1106 2031 priore
1129 1970 1163 2015 u.
1189 1951 1311 2036 legitur,

159 2053 334 2116 recoluerit.
378 2053 491 2132 Itaque
520 2054 620 2116 totam
650 2051 739 2116 illam
768 2070 852 2132 quae
881 2048 1060 2116 continetur
1079 2050 1311 2133 posterioribus

160 2153 284 2220 duobus
306 2152 451 2218 uersibus
479 2151 632 2236 simplicis
655 2151 850 2235 pronominis
878 2152 938 2214 boc
966 2148 1221 2235 explicationem
1254 2171 1310 2218 non

159 2253 271 2320 dubito
293 2252 396 2318 inutili
420 2253 576 2336 imputare
605 2250 695 2320 scioli
723 2253 830 2319 nescio
860 2251 948 2319 onius
978 2250 1166 2318 subtilitati:
1198 2253 1309 2334 quibus

159 2353 295 2420 sublatis
318 2352 448 2420 euidens
471 2359 588 2435 quanto
611 2353 776 2420 neruosius
800 2354 954 2438 procedat
981 2352 1092 2419 oratio.
1137 2352 1309 2421 Praeterea

157 2453 293 2538 impedit
313 2460 438 2519 mutuas
461 2454 686 2521 sententiarum
709 2456 848 2521 rationes
871 2475 900 2521 u.
917 2459 988 2521 364.
1028 2450 1212 2519 Oonfinium
1227 2454 1308 2522 enim

157 2556 315 2636 utrimque
331 2573 478 2619 uersuum
500 2551 593 2638 (quos
609 2556 692 2622 infra
707 2557 814 2639 attuli)
836 2576 908 2622 cum
926 2555 988 2622 hoo
1009 2554 1050 2620 sit
1072 2562 1307 2636 argumentum:

156 2655 356 2719 sicamina
374 2655 564 2741 quaeritabat
584 2659 685 2720 aroldo
707 2679 789 2732 orcos,
818 2679 874 2720 rus
896 2655 1069 2740 essuperet
1090 2656 1121 2717 si
1140 2659 1223 2732 rard,
1248 2659 1307 2721 iam

157 2760 279 2821 domum
300 2757 444 2823 rordiero:
474 2764 609 2843 apparet
631 2758 860 2825 alienissimam
886 2778 955 2825 esse
977 2759 1019 2823 ab
1042 2756 1092 2821 his
1115 2756 1216 2823 medii
1238 2777 1305 2824 sen-

154 2860 302 2928 tentiam:
1040 2872 1045 2880 “

308 2975 336 3029 Si
354 2977 400 3029 ero
419 2974 607 3043 reprehensus,
625 2972 713 3030 macto
731 2991 780 3043 ego
797 2975 872 3030 illum
890 2975 1045 3031 infortunio.
1259 2978 1304 3030 364

156 3094 256 3173 Quem
278 3095 479 3161 recordatum
502 3095 638 3161 sortasse
659 3095 772 3161 similis
795 3097 902 3163 neseio
925 3095 1015 3162 cuius
1037 3093 1099 3160 loci
1120 3096 1303 3179 grammati-

156 3215 225 3260 cum
250 3194 408 3277 quendam
430 3194 639 3281 adscripsisse
662 3203 749 3280 puto.

239 3333 259 3412 ξ
283 3333 333 3395 38.
373 3330 441 3398 Hos
464 3350 575 3396 omnes
596 3331 693 3415 igitur
715 3351 835 3415 uersus,
859 3330 913 3413 qui
935 3330 1081 3398 additicii
1102 3330 1303 3413 uidebantur,

154 3437 209 3496 aut
225 3431 462 3514 interpolatoris
483 3430 588 3498 fraudi
610 3431 720 3500 deberi
742 3440 807 3517 aut,
829 3433 858 3499 si
879 3433 983 3499 minus
1004 3432 1116 3500 fraude
1137 3439 1236 3517 ortos,
1257 3434 1301 3499 in·

153 3532 247 3597 scitia
262 3531 483 3598 diasceuastae
505 3534 747 3601 librariorumue
769 3535 803 3601 in
817 3535 1036 3601 Plautinorum
1058 3554 1208 3603 namnum
1230 3554 1300 3602 con-

153 3639 277 3699 textum
292 3641 437 3717 receptos
453 3653 524 3701 esse
539 3637 696 3718 suspicor:
716 3635 910 3703 confidenter
924 3635 1094 3703 adfirmare
1109 3657 1173 3703 non
1187 3635 1302 3721 audeo,

153 3733 413 3816 quandoquidem
427 3755 520 3802 nemo
545 3737 776 3805 demonstrabit
797 3757 859 3804 non
881 3758 977 3821 posse
1000 3758 1041 3803 ex
1063 3738 1113 3805 his
1132 3740 1303 3807 nonnullos

153 3836 314 3920 dispersas
331 3855 401 3902 esse
416 3837 568 3918 reliquias
591 3859 631 3905 ex
653 3838 816 3905 retractati
835 3839 1026 3925 exemplaris
1047 3839 1216 3925 naufragio
1237 3840 1302 3908 ser·

152 3944 253 4004 natas.
291 3938 466 4022 Expertam
482 3939 565 4005 enim
582 3959 652 4006 esse
668 3939 751 4005 bano
766 3959 893 4022 quoque
914 3962 1063 4009 scaenam
1085 3943 1303 4012 retractatoris

62 4067 70 4081 ·
153 4057 291 4122 manum,
313 4038 375 4105 hoc
396 4040 464 4105 sino
487 4041 553 4106 ulla
575 4040 772 4110 dubitatione
795 4041 962 4110 contendo.
