2940 5144
225 325 284 385 106
614 324 790 380 Gualtharius
808 324 981 380 Brachmann

222 497 351 565 foedata
379 516 449 564 esse
478 515 658 579 cognosces.
704 496 786 561 Nam
815 497 860 578 is,
890 496 944 578 qui
975 518 1003 564 u.
1027 500 1088 562 966
1113 506 1187 580 post
1215 497 1379 581 particula

221 598 397 683 praemissa
419 597 511 680 quasi
533 598 607 663 noui
637 596 760 678 aliquid
790 603 974 664 narraturus
1003 598 1122 681 pergit,
1153 597 1257 664 minus
1287 603 1377 664 recto

222 720 347 767 uersum
364 704 425 765 969
449 719 484 766 se
505 699 701 765 intellexisse
725 699 873 764 ostendit.
908 699 1005 782 Cedo,
1029 698 1106 782 quid
1129 698 1258 766 tandem
1283 700 1376 766 fortis

222 802 427 884 eiusdemque
443 801 530 866 utilis
551 802 597 866 rei
621 820 745 882 quaeue
768 821 839 867 cum
855 800 955 866 Troili
977 800 1134 867 occisione
1156 800 1301 882 aliquam
1325 819 1373 866 rc-

221 905 340 989 ciperet
355 902 623 986 comparationem
640 902 773 986 perfecit
789 888 971 986 Ohiysalus,
995 921 1066 967 curn
1091 901 1259 984 epistulam
1282 904 1374 970 illam

219 1007 358 1090 priorem
374 1004 416 1070 ad
432 1003 623 1070 Nicobulum
645 1005 752 1069 attulit
773 1004 877 1088 ipsum
900 1003 1011 1068 uinciri
1033 1003 1203 1086 iubentem,
1226 1003 1291 1069 nisi
1313 1005 1375 1071 hoe

220 1108 288 1191 ipso
312 1106 365 1167 sebi
385 1105 515 1168 labellus
536 1106 627 1166 tetuli
647 1105 898 1190 comprehendas
928 1105 1034 1170 statim
1064 1125 1119 1189 ea,
1148 1123 1231 1186 quae
1261 1112 1374 1172 secuta

220 1213 306 1274 siunt:
330 1207 416 1290 quod
431 1227 539 1273 senem
562 1206 603 1273 de
626 1207 734 1272 militis
757 1225 855 1272 uxore
879 1205 1045 1272 mendacio
1068 1206 1267 1290 perterritum
1289 1228 1373 1274 com·

221 1311 328 1392 mouit,
352 1316 387 1374 ut
402 1316 434 1375 et
448 1310 550 1393 ipsum
567 1310 705 1375 solueret
727 1316 759 1374 ct
781 1308 934 1374 ducentos
957 1326 1101 1375 nummos
1121 1328 1234 1375 aureos
1256 1328 1293 1375 se
1316 1310 1374 1376 da·

220 1417 323 1475 turum
345 1409 565 1495 promitteret?
599 1409 692 1487 Quod
708 1408 836 1491 quidem
852 1409 989 1475 sensisse
1004 1408 1131 1475 uidetur
1146 1410 1372 1494 Kiesslingius,

221 1532 292 1578 cum
307 1534 337 1597 p.
358 1515 393 1574 17
415 1520 488 1594 port
502 1511 582 1577 illud
598 1533 626 1577 u.
644 1515 705 1576 966
728 1512 760 1576 in
783 1509 828 1572 idi
847 1518 998 1577 mutaret:
1021 1531 1132 1595 parum
1156 1518 1262 1578 tamen
1284 1512 1373 1580 felici

220 1632 367 1679 successu
384 1631 459 1678 usus
474 1633 544 1679 meo
566 1612 694 1693 quidem
717 1612 843 1679 iudicio.
882 1614 992 1695 lmmo,
1016 1613 1043 1678 si
1066 1612 1142 1694 quid
1164 1613 1277 1697 sentio,
1301 1633 1372 1681 uer·

220 1733 289 1780 sum
317 1716 378 1778 960
408 1714 554 1779 continuo
586 1716 778 1795 sequebatur
808 1735 836 1779 u.
861 1717 940 1797 968,
968 1733 1079 1781 uersus
1107 1721 1214 1781 autem
1243 1718 1307 1780 966
1323 1735 1373 1798 sq.

218 1815 400 1900 interpolati
422 1822 509 1880 sunt:
539 1835 634 1897 quos,
659 1822 827 1899 postquam
850 1836 960 1881 uersus
982 1815 1031 1880 illi
1054 1819 1222 1881 961-965
1244 1816 1372 1900 pridem

219 1938 239 1982 a
261 1923 465 1983 retractatore
488 1916 590 1982 additi
614 1936 690 1983 casu
713 1917 789 1998 huc,
817 1917 871 1982 ubi
894 1937 976 1983 nunc
1000 1923 1142 2000 exstant,
1165 1917 1265 1984 delati
1288 1926 1372 2003 sunt,

219 2039 258 2084 ne
273 2019 377 2084 biaret
396 2018 497 2084 oratio
521 2019 691 2102 adscripsit
706 2018 743 2100 is,
768 2019 822 2098 qui
843 2018 919 2085 inde
942 2039 962 2083 a
985 2039 1013 2083 u.
1031 2022 1088 2083 961
1115 2018 1226 2083 referri
1247 2021 1371 2105 simpli-

219 2121 298 2186 citer
320 2140 359 2185 ea
381 2120 442 2185 sibi
465 2125 684 2202 persuaserat,
712 2138 794 2200 quae
816 2120 979 2204 superiore
1002 2139 1118 2186 scaena
1141 2127 1213 2203 post
1236 2120 1371 2189 traditas

218 2222 291 2287 illas
307 2223 430 2285 litteras
446 2228 518 2286 acta
534 2226 647 2302 essent,
672 2220 849 2305 adsumptis
866 2222 1005 2305 quidem,
1022 2226 1056 2286 ut
1070 2222 1190 2306 opinor,
1210 2221 1269 2305 his,
1287 2242 1371 2304 quae

218 2320 306 2387 haud
322 2322 488 2387 inuenuste
503 2341 580 2386 sane
596 2319 783 2386 dictasunt:
802 2321 1008 2386 umbroncello
1024 2325 1079 2408 qui
1092 2326 1229 2386 abeamus
1245 2325 1371 2409 copitl),

219 2430 274 2488 aut
296 2444 337 2488 ex
360 2421 425 2486 alia
446 2422 557 2488 fabula
579 2423 685 2487 nescio
709 2442 772 2502 qua
795 2430 849 2488 aut
873 2445 912 2490 ex
935 2424 1029 2490 huius
1056 2426 1155 2509 ipsius
1179 2446 1219 2491 ea
1240 2445 1369 2509 scaena,

219 2543 283 2605 qua
310 2524 469 2607 gloriosae
499 2524 607 2590 militis
636 2523 823 2591 iactationes
851 2527 1100 2610 uellicabantur,
1129 2546 1212 2592 nuno
1240 2527 1369 2594 amissa

220 2626 288 2703 Quo
305 2623 497 2690 emendandi
512 2624 617 2691 studio
633 2626 841 2708 interpolator
855 2627 911 2692 ille
926 2628 960 2693 id
979 2647 1093 2712 reapse
1114 2626 1287 2693 adsecutus
1310 2634 1369 2711 est,

218 2733 252 2792 ut
267 2728 380 2792 turbae
402 2725 478 2790 illae
500 2726 708 2808 genuinorum
731 2727 1017 2812 additiciorumque
1039 2749 1189 2795 uersuum
1216 2729 1296 2795 miro
1320 2749 1369 2796 or·

218 2828 291 2895 dine
319 2829 401 2893 inter
429 2846 464 2892 se
494 2829 694 2920 confusorum
724 2848 823 2910 usque
852 2830 893 2894 ad
923 2837 1064 2896 nostram
1093 2836 1232 2896 aetatem
1256 2828 1369 2897 delita·

218 2936 349 2996 secrent.

302 3032 371 3094 lam
387 3050 415 3094 u.
433 3033 493 3094 969
510 3031 650 3115 proferre
665 3031 805 3097 debebat
820 3032 1004 3114 Chrysalus,
1028 3030 1105 3114 quid
1120 3031 1213 3096 tertio
1227 3030 1285 3097 illo
1301 3031 1368 3099 fato

218 3131 387 3214 significari
411 3133 523 3197 uellet:
546 3133 615 3216 ipse
638 3133 722 3197 enim
745 3153 773 3198 u.
791 3136 852 3196 959
875 3133 1162 3199 commonefecerat
1183 3131 1246 3198 duo
1271 3132 1367 3199 etiam

218 3240 337 3300 restare
365 3233 441 3298 t'ata.
499 3233 591 3311 Quod
622 3234 716 3313 quale
746 3233 875 3299 tandem
904 3234 1003 3299 fuisse
1031 3233 1169 3299 conicias
1202 3232 1264 3298 nisi
1293 3233 1368 3317 equi

218 3335 314 3418 lignei
337 3335 477 3417 aliquam
496 3333 759 3400 similitudinem?
796 3336 845 3401 Ne
861 3336 975 3419 longus
991 3335 1065 3399 sim:
1088 3336 1280 3416 sequebatur
1294 3343 1367 3419 post

217 3457 343 3503 uersum
366 3439 444 3499 969ἃ
476 3433 552 3518 Cepi
578 3434 615 3496 db
644 3455 680 3496 eo
707 3435 809 3519 spolio
838 3455 948 3502 uersus
971 3439 1048 3519 935,
1078 3443 1112 3500 ut
1140 3456 1223 3503 nunc
1251 3436 1368 3520 legitur

216 3538 245 3603 is
268 3537 395 3619 quidem
424 3537 527 3602 inutili
555 3536 749 3603 uerbositate
777 3538 964 3621 languidus,
993 3538 1076 3603 huno
1104 3537 1137 3603 in
1165 3536 1296 3604 modum
1319 3559 1365 3606 rc·

216 3638 415 3704 formandus:
449 3638 517 3699 Ium
546 3637 602 3699 luds
631 3638 773 3711 tabellae,
807 3641 984 3723 opantsutus
1014 3644 1090 3724 qudo
1108 3638 1207 3721 sero,
1239 3659 1365 3705 uersum

217 3747 324 3806 autem
340 3742 412 3821 936,
435 3740 552 3806 omisso
575 3739 721 3805 nimirum
744 3742 957 3808 retractatoris
980 3741 1208 3823 additamento,
1232 3761 1284 3806 uu.
1304 3744 1361 3804 941

216 3846 337 3926 -944,
367 3861 423 3908 seu
451 3841 555 3926 potius
584 3847 712 3925 propter
741 3845 918 3927 complures
947 3863 1065 3927 easque
1093 3863 1156 3908 non
1184 3840 1367 3909 reconditas

307 3995 328 4057 t)
346 3991 402 4044 lam
424 3991 519 4045 Dousa
538 3990 647 4044 Ceutur.
671 3993 728 4046 siue
745 3992 975 4061 Explanationum
998 3992 1057 4045 libr.
1075 3994 1102 4048 II
1125 4008 1183 4061 cap.
1203 3995 1234 4045 25
1261 3991 1368 4048 confert

217 4075 429 4144 Pyrgopolinicis
449 4081 655 4143 cognomentum
679 4076 811 4148 Urbloapc
829 4077 886 4130 Mil.
906 4077 979 4130 Glor.
1002 4074 1343 4145 105521dem11ssingius.
