2940 5144
362 775 404 830 De
423 775 588 830 Bacchidum
606 775 748 829 Plautinae
766 775 959 831 retractatione
976 776 1107 834 scaenica.
1248 774 1307 836 tto

188 953 217 1006 cf.
236 952 349 995 liitscireiii
368 950 435 992 Prolt.
454 961 478 1001 p.
496 949 548 992 203.
576 954 613 989 tun
631 955 653 989 tu
676 949 806 991 liitscbeiins
824 951 847 992 in
866 951 934 1000 edit,
959 951 1045 1001 biacia,
1064 951 1178 997 bratteas
1199 954 1257 997 Proa
1276 956 1308 998 ΡΙ.

186 1034 209 1074 p.
222 1020 272 1064 707.
301 1029 357 1071 quos
376 1023 412 1058 tua
430 1015 635 1064 dabreniamin„
653 1022 721 1060 totam
739 1029 825 1058 auersam
840 1024 889 1070 post
907 1018 951 1059 373
968 1019 1093 1062 conlocans.
1155 1021 1308 1076 gerulifigulos

189 1089 313 1132 inauditam
326 1084 497 1136 formatorisque
510 1095 535 1125 co
549 1083 655 1132 retinebo,
673 1085 724 1126 dum
737 1091 813 1138 operta
825 1086 868 1128 crit
882 1085 1020 1138 probabilior
1031 1089 1163 1132 emendandi
1180 1091 1226 1139 nia,
1244 1102 1308 1144 qaam

190 1158 215 1199 in
227 1166 269 1208 qao
281 1152 385 1204 Bembina
398 1152 504 1204 ccqatean
522 1151 536 1193 i.
546 1163 564 1192 s.
574 1163 602 1199 a,
621 1152 777 1206 teruligerulos
795 1153 922 1195 normulam
941 1165 954 1195 a
970 1166 994 1196 ae
1011 1153 1169 1205 conformatum
1185 1161 1239 1200 cutte
1254 1171 1306 1212 pro.

190 1222 276 1266 baaisse
287 1221 329 1263 sibi
341 1221 400 1261 nisus
417 1220 503 1261 adiecta
515 1219 697 1271 interpretatione
712 1212 937 1285 ναρθηκοφόρους
947 1214 1108 1286 μοχθηρίας,
1124 1219 1128 1281 Ι
1144 1221 1202 1270 384,
1221 1233 1244 1266 ut
1257 1237 1308 1269 eum

192 1303 218 1334 er
236 1289 293 1332 iibri.
312 1288 384 1330 utillo
398 1299 448 1329 eum
462 1298 488 1328 ex
505 1285 586 1334 Fleuit,
604 1287 651 1330 Ues.
668 1294 692 1329 ut
706 1295 726 1330 te
741 1299 785 1331 uno
804 1299 837 1341 cx,
856 1289 877 1331 b.
892 1301 912 1332 e.
930 1278 984 1331 ‘arta
994 1278 1093 1338 mecam',
1111 1291 1241 1334 Fritzscbiac
1253 1293 1268 1335 l.
1279 1295 1308 1343 t.,·

192 1360 239 1401 alin
253 1357 367 1411 proposuit
383 1355 527 1409 Britaclmoyr
542 1366 616 1408 propr.
634 1355 751 1398 tundebat.
770 1369 791 1398 a.
806 1350 971 1418 tentarat
995 1351 999 1418 Ι
1024 1355 1082 1405 37Ί.
1107 1369 1142 1400 rua
1161 1365 1234 1401 tecum
1252 1364 1308 1404 cont.

192 1426 350 1469 adulterinam
364 1425 385 1467 ei
398 1424 493 1472 nidctnr,
507 1435 528 1464 a.
537 1423 580 1464 380
596 1423 725 1466 Fritascbias
740 1423 754 1465 i.
763 1437 781 1467 a.
790 1437 808 1467 c.
829 1425 925 1468 Ceterum
936 1425 963 1478 of.
972 1425 1057 1480 Epidio.
1066 1426 1115 1471 220.
1132 1419 1136 1486 Ι
1152 1423 1210 1474 382.
1226 1429 1309 1471 malrum

191 1495 247 1538 istoc
265 1494 349 1542 Herm„
368 1493 449 1535 matum
468 1491 523 1534 istoc
542 1491 630 1540 littaei..
648 1492 720 1534 dicct.

243 1627 293 1691 De
316 1624 450 1708 priore
472 1627 561 1688 ortu
584 1621 611 1687 si
634 1623 775 1707 qnaeris:
803 1623 972 1708 plurimum
995 1625 1038 1691 ad
1060 1625 1142 1693 hanc
1163 1648 1231 1694 rem
1253 1647 1307 1694 ua-

156 1729 224 1794 lere
239 1726 318 1792 mibi
334 1726 462 1791 uidetur
477 1725 654 1791 sentcntiae
669 1725 875 1808 praestantia,
898 1747 963 1811 qua
984 1727 1140 1794 contentis
1162 1729 1308 1797 uersibus

157 1831 229 1894 377.
247 1830 307 1892 378
332 1848 402 1893 cam
424 1829 497 1892 380.
521 1829 580 1891 381
606 1825 845 1892 commendatur
868 1829 1036 1896 Plautinae
1058 1851 1120 1896 non
1145 1829 1308 1898 dissimilis

157 1952 219 1997 reo.
242 1931 280 1995 A.

243 2090 263 2164 ς·
287 2088 336 2149 33.
383 2084 449 2149 Sed
471 2082 596 2149 accedit
618 2080 706 2146 aliud
728 2079 890 2162 quiddam.
935 2081 1047 2162 Neque
1074 2086 1158 2149 onim
1186 2087 1309 2171 priores

157 2185 264 2252 adhuc
286 2186 326 2251 dc
349 2184 444 2250 totius
466 2203 602 2250 scaenae
624 2181 854 2266 compositione
876 2183 1095 2265 quaestionem
1118 2194 1174 2252 aut
1203 2189 1307 2254 absol·
1337 2257 1341 2271 ,

157 2294 272 2354 uerunt
286 2293 341 2352 ant
356 2285 483 2351 omnino
499 2291 673 2350 mouerunt.
708 2285 858 2349 Attamen
874 2289 1018 2364 apertum
1034 2290 1082 2350 est
1096 2305 1149 2352 uu.
1162 2289 1305 2353 379-81

159 2410 223 2455 non
238 2408 331 2474 posse
347 2387 495 2469 excipere
517 2405 645 2451 uersum
668 2387 745 2449 att:
769 2385 819 2450 cui
841 2384 869 2449 si
892 2386 1159 2469 continuarentur,
1183 2387 1308 2455 deside·

158 2496 281 2554 raretur
302 2488 470 2554 Pistocleri
491 2486 676 2571 appellatio.
721 2485 804 2552 Huic
826 2493 932 2551 autem
954 2486 1001 2552 rei
1022 2488 1049 2553 si
1071 2487 1118 2554 ita
1144 2491 1309 2558 consulere

158 2590 256 2672 uelis,
285 2596 320 2655 ut
342 2610 414 2654 cum
435 2589 575 2672 Bergkio
598 2587 737 2654 conicias
760 2589 857 2654 etiam
886 2608 937 2653 uu.
960 2593 1032 2655 375.
1056 2594 1118 2654 376
1145 2591 1309 2675 utriusque

159 2691 353 2758 recensionis
377 2709 559 2756 communes
575 2709 663 2756 esse:
686 2689 760 2757 uide
775 2709 815 2756 ne
829 2694 896 2755 tum
911 2690 945 2754 in
960 2711 1021 2758 rec.
1037 2691 1066 2755 A
1080 2693 1164 2757 inter
1178 2713 1229 2758 uu.
1248 2698 1308 2760 376

158 2798 191 2858 ct
215 2797 275 2858 380
299 2793 451 2858 molestus
473 2792 514 2858 sit
537 2812 566 2857 u.
590 2795 660 2857 379.
704 2793 817 2872 Itaque
840 2811 911 2858 cum
940 2811 1037 2859 causa
1065 2795 1154 2859 nulla
1182 2795 1223 2860 sit
1251 2816 1307 2862 cur

155 2895 239 2960 inter
260 2915 311 2960 un.
329 2898 389 2958 374
405 2899 437 2958 et
451 2895 513 2958 375
536 2892 659 2974 aliquid
681 2891 839 2962 excidisse
861 2893 1043 2978 credamus,
1067 2896 1153 2962 haud
1176 2896 1242 2964 scio
1265 2920 1306 2965 an

156 2996 260 3078 magis
282 2996 397 3063 rationi
419 2995 588 3062 conueniat
608 2995 764 3079 suspicari
787 2996 841 3078 qui
864 3003 992 3062 exstant
1014 3004 1088 3064 ante
1111 3001 1173 3062 375
1195 3019 1305 3067 uersus

156 3098 256 3165 solius
278 3117 340 3163 rec.
364 3098 391 3161 B
413 3097 520 3163 fuisse.

243 3198 332 3277 Quae
351 3199 481 3280 quidem
503 3198 663 3264 sententia
684 3199 748 3263 alio
771 3202 938 3281 praeterea
960 3199 1088 3264 fulcitur
1109 3208 1305 3280 argumento.

156 3301 290 3367 Versum
313 3302 397 3366 enim
419 3303 498 3381 374,
521 3299 640 3382 quippe
661 3317 756 3379 quem
779 3295 1017 3362 euidentissime
1040 3299 1102 3382 ipsi
1124 3299 1171 3363 rei
1193 3300 1305 3367 aduer-

156 3402 221 3471 sari
243 3401 378 3466 testibus
400 3399 605 3465 conuinoatur
628 3403 841 3480 spectatorum
862 3397 963 3463 oculis
976 3399 1014 3483 ¹),
1037 3398 1235 3483 probabilius
1258 3408 1306 3468 est

159 3500 291 3566 credero
312 3499 528 3565 retractatoris
544 3498 654 3563 deberi
676 3503 731 3562 aut
752 3498 974 3583 neglegentiae
996 3505 1061 3582 aut,
1085 3498 1171 3582 quod
1192 3522 1249 3586 per
1270 3522 1305 3570 se

157 3608 321 3685 praestare
344 3598 484 3682 uidetur,
513 3599 639 3664 diuerso
662 3598 860 3680 aliquantum
883 3600 925 3665 ab
954 3620 992 3666 ea
1020 3601 1137 3684 forma,
1168 3604 1305 3684 quaein

158 3701 283 3782 reliqna
296 3700 407 3766 fabula
419 3700 566 3782 cernitar,
584 3701 751 3768 uniuersae
762 3702 1000 3785 compositionis
1015 3701 1192 3788 consiliol),
1208 3724 1317 3786 quam

247 3920 270 3977 tt
288 3917 504 3985 Repugnantiam
518 3916 626 3970 notauit
642 3917 694 3971 iam
709 3917 742 3971 K.
753 3917 786 3970 H.
798 3916 915 3973 Weisius
934 3918 962 3972 iu
979 3920 1069 3973 libello
1089 3919 1133 3973 cui
1151 3922 1192 3975 eat
1209 3921 1304 3976 titulus

157 3996 218 4053 ‘Die
235 3999 385 4054 Kombdien
403 4001 450 4056 des
467 3997 516 4055 ΡΙ.1
546 4002 669 4057 Ceterum
688 4002 722 4056 ci.
735 4003 916 4071 Ladewigium
929 4003 1024 4058 Philol.
1037 4003 1116 4060 XVII
1133 4021 1159 4073 p.
1173 4009 1220 4060 tet
1235 4008 1303 4061 conl.

158 4085 271 4141 Goetzio
289 4087 322 4140 de
340 4086 398 4139 ditt.
417 4102 443 4153 p.
463 4089 520 4140 319.

244 4174 270 4235 2)
288 4171 348 4224 Hoc
365 4171 388 4224 si
405 4186 500 4224 uerum
518 4171 561 4233 sit,
580 4171 702 4224 conicere
719 4171 801 4225 liceat
818 4172 1003 4239 dispositionis
1022 4172 1175 4242 ordinisque
1193 4189 1304 4228 scaena-

158 4270 218 4308 rum
235 4254 418 4320 mutationem,
438 4271 517 4322 quam
534 4255 637 4310 iaceret
652 4261 821 4319 retractator,
840 4256 925 4324 ipsam
943 4254 971 4309 in
990 4271 1073 4309 causa
1089 4257 1127 4309 illi
1145 4257 1239 4323 fulsse,
1256 4274 1305 4312 cur

158 4339 266 4395 omnino
282 4355 427 4409 recoquere
445 4340 518 4394 hunc
536 4341 624 4394 locum
642 4340 839 4409 aggrederetur.
871 4339 996 4394 Ceterum
1014 4356 1068 4394 una
1086 4357 1146 4394 cum
1164 4342 1206 4396 his
1224 4358 1305 4411 repu-

157 4421 241 4477 tanda
253 4427 317 4479 sunt
335 4439 402 4493 quae
420 4441 482 4479 mox
499 4424 535 4479 ad
552 4441 577 4478 u.
591 4430 641 4480 486
660 4425 868 4494 disputabimus:
888 4427 1030 4493 utrumque
1047 4431 1153 4494 spectat
1170 4427 1205 4482 ad
1222 4427 1306 4483 latius

157 4507 224 4561 illud
240 4510 440 4564 temactationis
455 4525 548 4578 genus.
