2940 5144
357 672 402 726 De
416 670 585 726 Bacchidum
603 668 747 723 Plautinae
764 667 958 722 retractatione
977 666 1109 722 scaenica.
1266 661 1307 723 93

155 847 254 929 enim,
285 865 361 909 num
383 840 597 907 Mnesilochus
626 839 729 905 amico
754 839 928 904 Pistoclero
959 837 1081 920 aliquid
1110 858 1308 905 nummorum

157 947 339 1013 condonare
360 944 392 1009 in
416 943 521 1008 animo
543 943 658 1024 habet,
688 961 749 1023 quo
772 940 909 1022 gratiam
935 939 1097 1023 persoluat
1124 961 1182 1024 pro
1211 942 1306 1006 hene-

156 1047 276 1113 uolenti
297 1045 392 1128 illius,
416 1064 512 1125 quam
534 1044 651 1109 absens
673 1049 823 1127 expertus
846 1048 931 1123 erat,
953 1041 1073 1122 opera?
1109 1043 1159 1106 An
1181 1062 1307 1109 seruum

156 1149 225 1213 uult
251 1154 379 1231 propter
405 1145 559 1213 beneficia
588 1150 720 1229 accepta
749 1163 844 1209 manu
873 1142 1024 1207 mittere?
1062 1142 1204 1221 Quorum
1232 1164 1306 1211 neu-

155 1257 238 1316 trum
261 1270 302 1314 ex
324 1250 395 1333 ipsa
417 1268 451 1314 re
472 1248 571 1313 ullam
594 1246 692 1312 habet
714 1242 1022 1312 commendationem
1048 1262 1152 1325 neque
1180 1245 1213 1310 in
1241 1250 1308 1311 tota

156 1352 266 1416 fabula
285 1350 389 1417 simile
411 1350 580 1434 quicquam
603 1348 727 1432 legitur.
761 1346 847 1446 Quid
869 1346 965 1427 igitur
986 1347 1096 1412 uolunt
1117 1346 1179 1412 sibi
1201 1367 1307 1412 cumu-

157 1454 242 1520 latae
257 1453 334 1519 illae
350 1452 596 1535 exhortationes,
620 1451 735 1532 quibus
752 1450 822 1534 ipse
844 1469 879 1514 se
901 1454 1096 1533 praemonet,
1119 1467 1159 1515 ne
1181 1449 1306 1532 ingrato

156 1556 261 1621 animo
277 1554 411 1621 uitiosus
426 1552 580 1637 pecuniae
595 1553 700 1636 potius
715 1557 825 1637 parcat
840 1570 936 1632 quam
951 1551 1080 1616 famae?
1117 1551 1208 1615 Nunc
1224 1552 1308 1618 enim

156 1657 276 1722 instare
292 1655 490 1722 occasionem
514 1653 754 1720 benefaciendi
777 1654 829 1744 uel
852 1653 934 1719 adeo
957 1673 1115 1720 summum
1137 1652 1307 1720 discrimen

156 1757 284 1824 uirtutis
299 1765 354 1823 aut
369 1755 507 1823 tuendae
521 1762 576 1822 aut
591 1754 787 1823 obiciendae.
824 1754 932 1835 Quid?
954 1754 1040 1837 quod
1062 1757 1133 1839 ipsa
1155 1756 1307 1822 librorum

158 1858 347 1941 memoria1)
370 1858 412 1924 ad
435 1859 543 1925 oculos
563 1860 637 1945 xiere
667 1858 885 1924 demonstrare
915 1856 1056 1940 uidetur,
1086 1879 1203 1924 nexam
1231 1858 1308 1924 olim

156 1961 255 2026 fuisse
277 1960 319 2026 ad
342 1961 401 2027 hoc
424 1961 606 2044 exemplum
627 1979 739 2026 uersus
762 1963 829 2024 403·
846 1959 1054 2042 posteriorem
1083 1965 1205 2043 partem
1237 1981 1308 2027 cum

157 2065 348 2128 1111113113
373 2062 542 2146 principio:

159 2211 294 2294 (londigne
312 2211 336 2265 is
354 2227 435 2278 quam
452 2210 589 2265 techinam
607 2211 641 2265 de
659 2226 724 2265 auro
744 2210 890 2264 aduersum
908 2225 996 2262 meum
1013 2209 1086 2280 fecit,
1096 2215 1208 2278 patrem,
1258 2213 1307 2263 392

157 2296 196 2349 Ut
212 2296 277 2349 mihi
295 2296 397 2372 amanti
416 2296 494 2364 copia
512 2301 591 2350 esset.
620 2293 667 2348 std
686 2310 766 2350 eccos
784 2295 863 2349 uideo
881 2290 1008 2348 incedere
1154 2298 1224 2348 393³.
1244 2293 1306 2348 40:3¹¹

159 2380 268 2433 Patrem
285 2379 384 2434 sodalis
403 2377 430 2433 tt
447 2380 612 2448 magistrum.
640 2379 704 2432 hinc
722 2379 883 2433 auscultabo
902 2381 982 2447 quam
999 2394 1056 2433 rem
1074 2383 1164 2447 agant.
1258 2385 1309 2435 404

243 2517 312 2582 lam
335 2515 524 2583 difficillima
546 2518 745 2584 subnascitur
768 2516 929 2600 quaestio,
954 2536 1016 2601 quo
1039 2523 1181 2602 tempore
1204 2536 1309 2598 quoue

160 2624 288 2684 auctore
309 2619 382 2700 illa,
406 2638 488 2700 quae
511 2626 731 2704 expunxerunt
753 2618 908 2701 editores,
931 2619 1127 2685 succreuisse
1150 2619 1310 2686 censenda

158 2719 231 2785 sint.
265 2721 316 2786 De
329 2721 557 2805 interpolatore
573 2721 710 2802 quodam
727 2721 893 2806 cogitabis,
916 2721 971 2805 qui
987 2741 1093 2787 rerum
1108 2741 1227 2788 nexum
1248 2743 1311 2788 non

158 2823 237 2886 satis
252 2816 459 2907 perspexerit.
497 2822 671 2888 Dissuadel
692 2830 799 2889 tamen
822 2824 1050 2889 sententiarum
1072 2822 1223 2908 grauitas,
1246 2844 1310 2889 ser-

158 2924 262 2990 monis
282 2925 373 3007 nitor,
397 2945 598 2991 numerorum
621 2926 797 3009 elegantia:
821 2924 994 3008 dissuadet,
1016 2924 1051 2990 id
1074 2926 1160 3007 quod
1181 2926 1310 3008 grauius

159 3031 224 3106 est,
253 3026 394 3109 ipsarum
416 3046 521 3091 rorum
548 3045 630 3106 quae
659 3027 878 3111 exprimuntur
905 3028 1048 3109 nouitas,
1077 3047 1097 3091 1
1126 3028 1310 3109 uulgaribus

157 3124 364 3209 interpretum
387 3127 577 3210 ambagibus
599 3129 805 3193 alienissima.
829 3163 870 3172 -
892 3126 944 3192 Ad
966 3132 1206 3194 retractatorem
1237 3148 1308 3194 oon-

157 3226 304 3308 1111111).
341 3229 384 3291 At
397 3226 431 3290 in
445 3234 584 3293 mentem
607 3247 738 3294 reuoces
761 3229 869 3309 uelim,
893 3247 975 3309 quae
998 3227 1038 3292 de
1060 3228 1155 3298 huius
1176 3229 1237 3294 loci
1259 3249 1308 3294 ar·

158 3332 308 3408 gumento
325 3326 472 3392 diximus.
506 3329 557 3392 An
572 3349 646 3394 uero
663 3348 767 3394 meras
789 3327 926 3410 ineptias
949 3328 1062 3411 credis,
1086 3331 1203 3414 quippe
1227 3351 1309 3412 quae

159 3445 231 3490 cum
253 3433 439 3511 argumento
459 3448 577 3510 eorum,
601 3448 682 3512 quae
704 3428 738 3493 in
760 3447 878 3494 scaena
900 3435 1079 3512 agerentur,
1103 3431 1190 3497 nullo
1213 3431 1308 3499 modo
1382 3440 1387 3454 “

159 3526 321 3593 conciliari
343 3537 483 3614 possent,
506 3530 639 3615 eosqui
660 3530 786 3596 fabulas
806 3530 913 3594 Plauti
935 3531 1088 3597 referrent
1110 3535 1308 3602 sermonibus

158 3627 240 3694 ultro
257 3629 464 3696 admiscuisse
479 3632 567 3698 uelut
582 3631 785 3697 condimenta
807 3631 1034 3698 excultioribus
1051 3632 1209 3700 Graecula
1231 3654 1307 3716 qua-

160 3727 234 3793 dam
249 3730 446 3796 humanitate
461 3738 675 3816 spectatorum
691 3734 821 3799 auribus
837 3732 1059 3816 degustanda?
1089 3735 1182 3814 Quod
1198 3756 1311 3818 quam-s

246 3985 271 4048 1)
295 3982 375 4036 39311:
400 3982 448 4044 leel
469 3998 562 4038 eccum
579 3983 659 4039 uideo
681 3983 846 4039 incedereB
871 4001 932 4038 cum
954 3986 1012 4039 rell.
1048 3987 1129 4041 40311
1154 3988 1202 4051 fed
1223 3992 1314 4059 equos

158 4053 260 4170 (eidos
269 4083 318 4148 Bc)
340 4083 420 4138 uideo
439 4083 563 4139 incedere
579 4084 617 4153 B,
641 4090 807 4154 utrumque,
823 4085 954 4153 siquidem
976 4086 1043 4141 fides
1066 4087 1192 4142 habenda
1215 4090 1308 4145 Bothii

594 4237 643 4300 aa
657 4186 739 4300 {etti
751 4170 832 4291 titt
850 4169 1010 4291 ‘iiiiii‘

159 4401 176 4455 d
209 4324 271 4458 tha)
289 4318 329 4375 cf.
343 4319 485 4375 Ritsohelii
497 4321 627 4375 adnot'in
640 4321 702 4375 edit.
729 4322 834 4377 Eadem
845 4322 952 4376 uidetur
965 4322 1070 4377 Goetzii
1087 4337 1146 4378 esse
1164 4329 1305 4396 sententia,

177 4417 192 4456 e
227 4404 315 4473 'ttogn
332 4420 359 4472 p.
378 4408 436 4459 186.

159 4202 338 4267 coniecturae,
357 4208 514 4272 corruptum
526 4217 572 4257 ex:
