2940 5144
411 645 455 698 De
473 645 641 700 Bacchidum
658 643 802 699 Plautinae
819 647 1011 702 retractatione
1029 647 1162 703 scaenica.
1299 643 1360 706 165

205 817 319 885 addita
342 836 429 899 esse,
455 836 517 897 quo
539 815 665 881 facilius
688 822 899 900 cognoscatur
921 836 1092 898 quamnam
1115 836 1262 885 censeam
1284 818 1361 885 olim

205 921 302 985 fuisse
325 918 555 984 sententiarum
577 936 649 983 sese
679 915 905 1000 excipientium
934 918 1165 1002 integritatem,
1194 939 1258 985 non
1280 938 1362 1002 opus

206 1025 256 1085 est
277 1017 404 1084 disertis
427 1018 534 1085 uerbis
557 1038 696 1103 monere.

292 1139 312 1216 ξ
335 1140 385 1201 47.
415 1137 484 1202 Iam
507 1157 578 1202 eum
599 1142 698 1204 restet
712 1135 904 1219 grauissima
925 1135 1020 1203 huius
1035 1133 1260 1219 disputationis
1274 1158 1361 1222 pars,

207 1239 296 1303 cuius
319 1238 361 1303 sit
381 1237 542 1320 inquirere
563 1239 596 1304 in
619 1245 840 1320 argumentum
863 1257 1000 1304 scaenae
1022 1256 1061 1302 ac
1083 1238 1360 1322 compositionem:

207 1358 268 1420 quo
284 1338 465 1423 expeditior
478 1339 631 1406 reddatur
644 1340 707 1407 loci
722 1339 809 1406 illius
828 1338 1022 1425 explanatio,
1044 1358 1259 1422 proponemus
1278 1339 1360 1406 eius-

205 1441 278 1507 dem
301 1441 414 1507 tertiae
436 1460 574 1508 scaenae
601 1441 718 1525 partis,
748 1461 844 1523 quam
873 1461 915 1506 ex
937 1440 1063 1507 Veteris
1084 1438 1149 1506 fide
1171 1459 1268 1524 supra
1289 1459 1360 1523 per-

204 1542 399 1627 scripsimus,
422 1544 604 1628 exemplum
628 1542 828 1610 emendatius
850 1541 928 1626 talc,
949 1561 970 1607 a
993 1541 1081 1626 quali
1095 1541 1361 1626 proficiscendum

147 1705 149 1710 .
203 1645 297 1711 nobis
319 1643 481 1728 uideatur,
504 1645 524 1710 i.
541 1667 568 1712 e.
592 1645 678 1728 quod
707 1643 788 1709 nihil
816 1644 858 1710 sit
884 1644 947 1709 nisi
969 1643 1177 1724 uestigiorum
1207 1643 1360 1728 pristinae

205 1746 381 1829 scripturae
403 1751 581 1830 temporum
603 1746 772 1827 iniquitate
800 1744 909 1811 multis
931 1744 1035 1811 modis
1058 1746 1256 1812 turbatorum
1279 1749 1358 1809 tam-

205 1865 301 1927 quam
322 1845 551 1929 interpretatio.
596 1848 667 1927 Quo
690 1846 820 1929 quidem
847 1847 996 1930 exemplo
1019 1853 1052 1912 et
1073 1828 1390 1932 comprehendetur'

204 1967 268 2013 uno
291 1953 463 2031 conspectu
491 1945 646 2030 quidquid
668 1948 867 2016 effecerimus
896 1948 1058 2031 superiore
1087 1947 1304 2032 disputatione
1327 1953 1360 2013 et

204 2049 286 2114 ratio
319 2047 471 2115 reddetur
504 2049 664 2115 uariarum
694 2067 778 2131 quae
808 2048 849 2116 de
879 2047 951 2134 ipsa
983 2049 1140 2133 scriptura
1173 2048 1360 2134 propositae

184 2149 277 2232 sint,
301 2150 569 2235 coniecturarum
597 2158 632 2217 ut
654 2149 836 2232 legentibus
857 2150 935 2233 ipsis
957 2154 1100 2233 potestas
1123 2149 1165 2215 sit
1186 2147 1360 2232 iudicandi,

206 2258 238 2316 et
260 2252 380 2318 satisne
403 2252 629 2318 conuenienter
651 2252 728 2318 artis
751 2251 880 2317 criticae
908 2250 1085 2316 rationibus
1107 2271 1165 2317 nos
1186 2249 1359 2316 institueri-

205 2371 276 2417 mus
291 2351 391 2436 ipsius
401 2353 539 2419 traditae
556 2353 733 2438 scripturae
748 2350 1015 2435 emendationem,
1032 2358 1064 2418 et
1077 2372 1152 2419 num
1163 2351 1233 2418 fieri
1248 2351 1361 2437 possit,

112 2489 119 2500 =
205 2459 241 2516 ut
255 2453 484 2520 sententiarum
499 2455 743 2537 argumentique
766 2453 942 2520 rationibus
957 2454 1113 2538 reputatis
1129 2453 1163 2519 in
1179 2453 1236 2518 tali
1252 2473 1359 2520 exem·

204 2555 258 2637 plo
280 2555 537 2640 acquiescamus,
565 2554 703 2641 denique
726 2554 931 2621 existimandi
953 2575 1029 2622 num
1051 2557 1132 2622 forte
1153 2554 1186 2620 in
1203 2554 1243 2621 iis
1259 2553 1360 2621 offen·

196 2657 347 2723 ‚sionibus
377 2656 699 2741 difficultatibusque,
730 2657 764 2723 in
788 2676 868 2739 quas
896 2657 1035 2743 inquiret
1062 2655 1219 2740 posterior
1249 2660 1359 2723 nostra

204 2759 388 2844 disputatio,
411 2760 474 2825 siut
497 2778 581 2841 quae
594 2758 660 2825 iam
676 2759 754 2825 satis
776 2765 852 2845 apte
867 2758 990 2825 dilutae
1006 2778 1077 2826 esse
1093 2758 1261 2825 uideantur
1276 2759 1360 2825 alius

204 2859 379 2946 cuiuspiam
395 2861 586 2929 coniectura.
659 2891 661 2906 ·

474 3045 661 3099 Librorum
678 3043 844 3097 memoria
861 3039 1089 3095 emendatior.

221 3163 235 3215 I
263 3167 294 3216 50
309 3163 368 3218 Vct.
386 3161 470 3215 BAO:
494 3161 613 3227 Sequere
629 3158 691 3213 hae.
728 3157 804 3211 NIO:
829 3156 905 3209 Eunt
923 3170 1001 3210 eccas
1018 3152 1126 3209 tandem
1144 3136 1360 3223 probriperlece-

662 3243 728 3295 brae
746 3243 773 3293 et
790 3239 996 3306 persuastrlees.
1135 3237 1359 3293 1166').1167⁸R.

381 3323 478 3394 (Elea)
496 3325 560 3392 quld
578 3324 670 3395 <aos>l
687 3339 760 3377 nunc
778 3320 858 3409 etiam
875 3322 955 3404 nobis
973 3321 1085 3376 redditis
1109 3321 1179 3377 filios
1197 3327 1224 3427 et
1238 3321 1358 3460 lserfiofinsr:

383 3492 428 3546 An
450 3505 499 3559 ego
524 3488 649 3560 experiar
671 3497 761 3546 tecum
782 3491 855 3570 <uter
872 3489 974 3545 hebeat
990 3489 1109 3559 pugnis)
1131 3411 1361 3547 uird1drdaierem‘?

663 3576 764 3630 PlllL:
782 3573 859 3630 Abin
876 3574 958 3629 hine?
1279 3578 1358 3628 116812

383 3661 446 3715 Non
457 3637 538 3714 hdme
555 3663 587 3715 tu
605 3659 711 3728 quidem
728 3676 766 3725 es,
784 3660 831 3729 qui
847 3660 917 3716 istoc
935 3663 1016 3729 paeto
1034 3638 1090 3715 tam
1107 3655 1224 3728 lepidam
1240 3657 1362 3726 inlepide

211 3828 237 3881 V
384 3826 468 3880 BAC:
487 3826 575 3880 Senex
593 3743 891 3898 6ptum³errgffitumst
907 3830 936 3882 ln
953 3792 1040 3897 terra,
1063 3829 1121 3884 sinc
1139 3828 1206 3900 (me)
1223 3827 1276 3884 hdo
1293 3842 1360 3883 exo·

665 3925 726 3966 rare
743 3916 793 3982 aps
810 3917 846 3976 te,
1292 3917 1360 3966 1170

239 4032 341 4076 Aduot.
359 4035 439 4077 cr·lt.:

323 4098 349 4142 lc
367 4102 407 4144 hoc
425 4103 568 4146 adnotatione
585 4103 696 4145 actardum
714 4117 758 4148 acu
776 4103 920 4153 allitoclrelii
935 4101 1072 4150 recensione,
1089 4103 1127 4146 sed
1146 4104 1238 4146 olibrio
1255 4114 1288 4144 me
1304 4113 1359 4155 pro-

238 4169 318 4222 tectum
330 4181 390 4211 esse:
408 4171 447 4213 ille
459 4178 533 4214 torreo
547 4172 632 4225 qualem
639 4171 768 4224 proterret-it
786 4183 887 4215 uersuum
906 4169 1072 4224 dispositionem
1090 4181 1118 4213 ec
1135 4171 1231 4214 numeris
1248 4181 1300 4223 quos
1318 4169 1358 4210 od·

239 4237 286 4279 didi
305 4248 434 4289 cognoscere
453 4240 511 4282 licet.
535 4235 539 4300 Ι
563 4232 585 4287 Ι.
608 4239 829 4294 probrlperlecebrae
851 4238 1122 4282 commutatusque
1141 4236 1309 4291 comprehendi,
1330 4245 1360 4276 oe

238 4305 311 4347 soluto
328 4312 406 4358 quarto
424 4309 468 4350 crat
485 4308 592 4351 diaeresis
609 4308 660 4361 {lum
684 4307 722 4350 sed
741 4309 768 4361 cf.
787 4308 883 4361 Uaainga'i
901 4303 1076 4350 commentarios.
1101 4298 1105 4367 Ι
1128 4297 1203 4365 qu.
1221 4305 1255 4350 De
1272 4303 1306 4348 tes
1323 4313 1361 4343 aa·

239 4374 263 4415 tn
274 4368 286 4429 ξ
297 4373 323 4415 ts
341 4373 429 4417 aterius
441 4376 521 4419 dictum
535 4384 575 4419 eet.
594 4375 646 4428 quid
659 4376 735 4419 nunni
754 4377 798 4420 lam
809 4375 899 4419 redditis
913 4374 976 4418 nobis
990 4364 1000 4434 il
1014 4370 1080 4415 Filios
1099 4374 1148 4417 edd.
1163 4369 1167 4435 Ι
1182 4366 1216 4422 V.
1235 4383 1271 4416 me
1288 4372 1361 4415 inser.
