2940 5144
241 333 283 394 84
644 334 819 389 Gualtherius
838 334 1010 388 Brachmann

243 508 366 574 uellet?
400 507 566 573 Referatur
579 506 675 591 igitur
689 525 751 571 una
767 525 838 571 oum
858 504 1032 588 scripturae
1054 503 1209 570 uarietate
1226 539 1268 548 —
1284 504 1401 570 Ambr.

243 610 327 675 enirn
350 608 418 674 illio
440 606 640 674 desideratur
662 644 704 654 -
726 608 803 673 illuc
825 606 910 672 unde
932 606 1033 688 fluxit,
1057 606 1098 672 ad
1121 627 1150 672 ιι.
1168 609 1238 671 864.

329 733 348 806 ς
366 730 413 792 16.
442 727 511 791 Iam
527 726 614 794 haud
630 725 760 794 difficile
773 727 833 793 erit
847 725 888 790 ud
905 724 1162 806 existimandum,
1179 745 1255 789 num
1265 725 1400 790 Kiess-

241 828 394 911 lingius
416 847 527 893 uerum
544 828 751 912 perspexerit.
789 828 940 907 Quicum
963 826 1046 892 huno
1068 827 1099 890 in
1123 827 1252 891 modum
1276 826 1399 892 discer-

242 937 332 998 neret
346 937 523 1015 utramque,
546 950 642 1012 quam
657 937 853 997 commentus
876 933 934 1011 est,
956 928 1173 1013 recensionem
1196 929 1399 994 scaenicum:

463 1095 541 1152 Rcc.
559 1097 592 1150 Δ.
1043 1094 1119 1149 Rec.
1138 1095 1169 1148 B.

717 1180 743 1219 U.
764 1168 908 1218 eoo-502.

266 1267 293 1303 u.
309 1254 372 1304 503:
492 1264 515 1303 c.
534 1248 605 1303 malo
623 1247 688 1304 fecit
706 1264 776 1304 suo.
857 1264 882 1302 ιι.
897 1252 961 1301 503:
1081 1262 1104 1301 o.
1122 1246 1193 1301 molo
1210 1245 1277 1300 fecit
1296 1262 1382 1304 meo.

1036 1336 1178 1386 eol-505.

427 1434 452 1471 u.
471 1422 614 1472 soc-514.
1034 1421 1178 1471 ero-519.

354 1517 388 1556 ex
405 1501 457 1557 tide
475 1503 692 1569 Palatinorum.¹)
1036 1501 1226 1565 era-ertb.²t

741 1588 885 1640 sao-525.

241 1706 277 1771 id
299 1706 458 1773 studuisse
480 1706 620 1791 uidetur,
649 1714 685 1773 ut
705 1705 798 1773 alteri
821 1705 997 1773 recensioni
1019 1726 1059 1773 ea
1080 1706 1247 1790 tribueret,
1277 1707 1400 1789 quibus

243 1808 457 1876 Mnesilochus
486 1810 604 1875 malum
635 1806 788 1874 Bacchidi
819 1808 1033 1892 minitaretur,
1065 1808 1159 1874 elteri
1189 1828 1244 1891 ea,
1277 1810 1399 1891 quibus

242 1929 365 1976 summo
388 1931 496 1977 amore
518 1931 554 1977 se
581 1911 672 1976 illam
700 1910 851 1993 amplecti
879 1908 1097 1976 adseueraret:
1128 1927 1323 1991 quamquam
1354 1933 1398 1979 ne

215 2072 218 2076 ,
241 2011 288 2076 sic
311 2014 439 2093 quidem
461 2013 559 2078 ullam
581 2012 615 2078 in
636 2012 779 2077 oratione
802 2013 1013 2077 constantiam
1035 2012 1207 2077 adsecutus
1230 2020 1288 2077 est.

326 2115 395 2181 Nec
422 2131 536 2179 uereor
562 2134 602 2180 ne
625 2112 858 2193 Ussingium
887 2113 999 2180 eredas
1028 2132 1140 2179 uersus
1169 2116 1349 2178 eoo-511
1376 2136 1397 2181 a

235 2215 356 2304 ‘Plauto
372 2224 458 2280 recte
473 2214 685 2295 abiudicasse,
708 2232 778 2277 oum
793 2215 826 2278 in
844 2214 905 2279 hac
926 2214 1124 2297 potissimum
1148 2234 1182 2280 rc
1204 2213 1395 2299 offenderet,

242 2315 329 2397 quod
351 2335 449 2381 eausa
477 2317 623 2398 nequiret
650 2314 808 2398 intellegi,
838 2335 892 2380 eur
914 2315 1127 2382 Mnesilochus
1156 2316 1240 2399 patri
1268 2315 1396 2397 aliquid

242 2416 424 2499 surriperet,
448 2416 566 2500 quippe
583 2415 636 2496 qui
653 2415 800 2499 Chrysali
815 2417 927 2482 fraude
941 2417 1006 2481 iam
1021 2417 1101 2482 satis
1115 2435 1273 2500 superque
1296 2417 1396 2485 habc-

242 2524 300 2582 ret.
339 2519 387 2582 lta
403 2516 487 2582 eninr
503 2516 559 2581 ille
582 2524 630 2582 est
652 2516 758 2582 animo
780 2518 974 2602 perturbato,
997 2523 1115 2584 utnon
1137 2518 1239 2583 solum
1263 2519 1398 2586 missum

240 2618 339 2683 faciat
362 2623 492 2702 repente
517 2617 786 2684 consiliumillud
808 2619 876 2684 auri
899 2618 1055 2684 reddendi
1077 2616 1177 2702 (quod
1198 2618 1303 2685 animo
1320 2639 1397 2686 eum

242 2718 427 2802 concepisse
449 2718 568 2785 indicio
591 2726 640 2786 est
666 2721 815 2786 uersiculi
839 2725 899 2786 507
923 2719 1051 2805 caput),
1080 2721 1138 2786 sed
1168 2739 1277 2786 amens
1305 2719 1397 2786 dicat

240 2819 330 2887 aliud
351 2821 480 2907 insuper
502 2841 521 2885 a
543 2829 635 2907 petre
657 2841 692 2889 se
715 2824 897 2889 ablaturum
920 2842 1012 2904 esse,
1037 2824 1123 2904 quod
1152 2828 1279 2888 amatae
1308 2822 1396 2890 dono

241 2922 304 3005 det,
326 2922 424 2988 immo
440 2930 572 3006 tanturn,
595 2928 630 2990 ut
645 2924 687 2989 ad
702 2931 924 3010 paupertatem
938 2924 1029 2988 illum
1050 2923 1186 3007 redigat.
1223 2924 1295 2998 Iam
1314 2943 1396 2991 uere

240 3024 308 3108 ipse
331 3024 373 3090 ab
395 3024 522 3110 ineptiis
545 3045 580 3091 se
603 3034 733 3093 reuocat
756 3025 805 3092 his
823 3026 981 3091 uersibus:

393 3156 445 3211 Sed
463 3159 550 3212 attice
567 3174 616 3227 ego
634 3159 753 3212 animum
769 3156 861 3212 mente
879 3154 985 3212 sincera
1001 3171 1074 3223 gero,
1342 3162 1395 3212 509

393 3240 444 3308 Qui
461 3242 497 3297 ad
513 3242 585 3297 hrtno
603 3243 712 3297 modum
729 3242 798 3296 haec
815 3241 869 3307 hic,
888 3239 957 3311 quae
975 3240 1076 3308 futura,
1094 3240 1248 3307 fabulorl³t

326 3396 350 3456 1)
368 3391 437 3445 Nam
456 3392 536 3446 etiam
553 3392 635 3446 istum
658 3407 691 3446 ex
713 3393 958 3462 interpretamentis
982 3391 1127 3463 conflatum
1145 3392 1218 3447 eblb
1241 3391 1287 3460 (cf.
1306 3409 1396 3464 supra

239 3491 266 3543 p.
285 3479 317 3528 82
336 3475 400 3529 adn.
416 3478 441 3540 3)
458 3490 588 3543 respuere
605 3476 645 3529 illi
661 3476 754 3546 religio
768 3478 828 3531 fuit.

325 3562 351 3621 2)
370 3549 533 3624 Tres'illos,
559 3575 626 3627 quos
644 3563 774 3630 postero
792 3562 859 3615 Pell.
878 3560 1017 3627 exhibent,
1042 3566 1105 3629 post
1122 3565 1172 3615 514
1191 3560 1318 3616 cancellis
1338 3563 1394 3617 cir-

238 3641 373 3695 cumdatis
389 3642 528 3711 appositos
552 3643 771 3701 eFleekeiseno.
807 3646 880 3714 Quos
904 3647 1011 3717 quidem
1036 3647 1133 3714 quibus
1156 3645 1278 3700 artificiis
1300 3661 1396 3702 emen-

239 3724 342 3779 dandos
360 3740 420 3779 esse
439 3731 574 3793 censeret,
598 3731 774 3798 pronuntiare
791 3730 892 3786 noluit:
917 3735 982 3785 ente
1002 3731 1078 3786 illum
1100 3730 1198 3798 quibus
1221 3729 1356 3786 machinis
1377 3749 1396 3788 e

238 3808 304 3863 uiris
318 3809 405 3864 doctis
419 3812 543 3880 temptati
556 3815 617 3882 sint,
635 3814 777 3870 Ritschelii
788 3815 972 3885 suppeditabit
985 3814 1067 3870 editio
1083 3814 1153 3869 conl.
1163 3813 1272 3882 Parerg.
1290 3829 1319 3883 p.
1329 3820 1394 3872 423.

239 3893 364 3948 Ceterum
381 3898 436 3950 tres
453 3896 513 3952 illos
531 3896 660 3955 delendos
677 3915 736 3955 esse
753 3899 806 3953 iem
825 3900 947 3969 Guyetus
965 3902 1155 3969 perspexerat,
1174 3899 1243 3953 mule
1259 3897 1395 3958 adiuncto

237 3992 264 4030 ιι.
279 3981 337 4034 etl.

324 4065 348 4129 3)
366 4063 423 4118 lem
441 4064 520 4120 uideo
538 4066 636 4121 iterum
653 4067 732 4122 nobis
754 4067 961 4137 depugnandum
985 4082 1044 4123 esse
1067 4084 1127 4123 oum
1148 4066 1290 4122 inutilibus
1314 4069 1395 4125 criti·
