2948 4746
35 1470 54 1541 l

598 1170 874 1255 PRAEFATIO.

251 1441 442 1526 Priusquam
465 1441 597 1509 adrem
619 1442 815 1536 propositam
837 1440 1078 1526 aggrediamur,
1107 1461 1245 1524 aequum
1271 1449 1320 1509 est

169 1564 238 1628 cius
253 1563 314 1628 uiri
329 1563 429 1627 multa
444 1565 476 1627 et
490 1559 620 1644 egregia
633 1561 667 1626 in
682 1580 732 1626 me
748 1566 781 1626 et
797 1559 837 1626 de
852 1559 904 1626 bis
924 1560 1005 1627 meis
1022 1580 1105 1643 quae
1126 1561 1187 1627 boc
1209 1560 1321 1627 libello

168 1679 368 1746 continentur
382 1678 496 1746 studiis
510 1683 602 1762 grato
617 1677 724 1744 animo
739 1698 790 1744 me
804 1677 992 1762 praedicare
1007 1678 1131 1760 merita,
1154 1679 1243 1745 cuius
1263 1699 1318 1745 au-

168 1798 325 1882 spicatum
340 1816 456 1895 nomen
470 1797 504 1863 in
517 1787 661 1881 principe
676 1795 819 1863 eiusdem
834 1795 955 1862 scheda
969 1802 1095 1863 exstare
1109 1798 1211 1863 uolui:
1227 1816 1319 1882 prae-

169 1915 306 1999 ceptoris
320 1914 384 1980 mei
399 1914 638 1997 studiorumque
654 1911 863 1981 moderatoris
878 1911 1103 1980 uenerabundc
1117 1915 1223 1981 amati.
1257 1913 1320 1991 oui

170 2039 204 2098 ut
219 2031 263 2098 ad
276 2032 389 2100 barum
408 2034 629 2116 quaestionum
650 2031 872 2099 tractationem
894 2031 1034 2097 animum
1056 2051 1162 2097 meum
1183 2032 1320 2116 impulit,

168 2151 224 2233 ita,
247 2170 318 2216 cum
334 2152 465 2217 comiter
483 2171 607 2218 mecum
631 2150 875 2218 communicauit
896 2155 927 2216 ct
948 2149 1004 2215 ubi
1025 2149 1197 2234 reperirem
1213 2151 1321 2216 multis
1428 2235 1431 2239 ¹

171 2268 252 2352 locis
269 2268 414 2351 dispersa
435 2270 575 2336 uirorum
598 2268 762 2336 doctorum
785 2287 866 2350 quae
888 2267 930 2334 ad
952 2267 1036 2334 banc
1049 2267 1155 2333 Plauti
1176 2268 1325 2335 fabulam.

169 2392 349 2469 spectarent
370 2388 461 2455 uaria
483 2392 661 2454 commenta
689 2394 721 2453 et
749 2386 970 2470 coniectanea,
999 2392 1032 2452 et
1059 2405 1142 2468 quae
1165 2407 1183 2453 c
1204 2387 1320 2454 Vetere

171 2504 289 2572 Codice
304 2504 477 2571 Oamerarii
491 2510 564 2590 post
578 2504 744 2571 Ritschelii
760 2523 852 2570 curas
866 2503 1050 2569 admirabili
1065 2524 1136 2570 cum
1152 2503 1319 2585 diligentia

171 2613 305 2689 eruiss'et
319 2622 413 2705 Hugo
428 2623 602 2708 Hinckius‚
625 2622 807 2689 necessaria
824 2621 1026 2707 maximeque
1048 2621 1139 2688 utilia
1160 2621 1240 2688 artis
1262 2621 1342 2688 cri--
1459 2624 1463 2628 ’

171 2741 254 2809 ticae
277 2739 472 2808 factitandae
493 2740 637 2809 subsidia
659 2739 728 2826 ipae
751 2739 830 2806 mihi
851 2740 1019 2825 praebuit„
1051 2738 1204 2806 Eiusdem
1226 2744 1319 2807 oratu

171 2859 334 2945 Gustauus
356 2861 498 2927 Loewe
520 2859 667 2943 rescripti
694 2859 768 2925 libri
789 2858 994 2925 Ambrosiani
1022 2879 1139 2925 nouam
1168 2858 1319 2924 conlatio·

171 2999 244 3044 nem
258 2978 496 3046 accuratissima
511 2996 532 3042 a
546 2997 581 3044 se
596 2976 773 3043 conlectam
788 2976 940 3043 utendam
954 2975 1130 3042 liberaliter
1148 2973 1227 3039 mihi
1248 2994 1318 3059 per-

172 3096 268 3188 misit.
318 3092 439 3176 Quodsi
470 3093 547 3174 quid
573 3094 668 3159 inerit
695 3093 727 3157 iu
756 3092 806 3157 bis
834 3091 1115 3159 exercitationibus
1143 3089 1229 3173 quod
1255 3091 1320 3157 illis

173 3213 316 3296 placeat,
346 3215 379 3276 et
401 3209 619 3278 dulcissimum
642 3219 674 3278 et
695 3209 914 3295 plenissimum
936 3209 1056 3277 laboris
1084 3212 1221 3276 fructum
1249 3228 1319 3293 per-

177 3327 302 3412 cepisse
322 3328 402 3394 mibi
424 3320 565 3395 uidebor.
641 3337 644 3344 '

208 3493 314 3549 Dabam
331 3492 533 3550 Herischdorfio
550 3508 568 3547 a
585 3492 647 3547 uico
665 3493 777 3548 Silesiae
794 3509 882 3564 prope
901 3494 1111 3551 Ceruimontium
1128 3493 1181 3548 sito

276 3595 444 3653 menalion.
462 3610 486 3649 a.
500 3593 786 3650 clulooccnxxlx.
915 3596 920 3601 ’
