2940 5144
228 377 289 437 142
615 379 794 435 Gnaltharins
812 378 987 435 Brachmann

226 550 301 617 noni
317 568 436 634 uersas,
459 551 514 633 qui
536 552 569 617 iu
591 551 681 617 libris
704 555 753 618 est
776 550 999 637 hypermetrus
1012 552 1048 636 ¹),
1071 551 1257 619 exitumin
1280 552 1383 621 iambi·

227 672 297 719 cum
319 651 447 718 flectere
469 652 654 737 rhythmum
676 652 778 719 satius
800 651 970 719 uidebatur
995 672 1093 735 quam
1121 653 1294 739 expellere
1322 656 1380 741 qai-

226 754 311 839 dem3
333 754 461 821 retineri
478 753 537 819 hoc
553 754 648 819 modo
670 753 774 839 potuit
795 753 951 821 iambicus
966 758 1032 821 u.8
1055 754 1179 839 optime
1200 757 1377 823 continuato

224 856 396 941 superioris
420 874 529 922 uersus
551 854 729 938 numerol).

309 956 510 1023 Simillimam
526 954 623 1039 igitur
637 956 793 1023 habemus
808 956 842 1021 in
857 961 992 1038 utraque
1007 954 1194 1025 recensione
1218 964 1374 1027 senten·

224 1058 369 1124 tiarum
400 1058 596 1125 rationem
629 1057 906 1139 ordinemque:
936 1056 987 1123 bis
1018 1058 1187 1139 quominus
1218 1070 1374 1129 remaneat

223 1167 348 1225 recusat
378 1159 569 1241 Chrysalus,
603 1164 763 1242 postremo
796 1156 892 1225 oificii
922 1158 1103 1224 admonitus
1134 1158 1297 1229 obsistere
1326 1160 1373 1228 de·

223 1259 313 1343 sinit,
344 1279 443 1325 senex
466 1259 541 1325 dein
564 1260 706 1341 queritur
729 1260 961 1344 longitudinem
983 1258 1147 1343 epistulae.
1191 1260 1282 1328 Nam
1303 1262 1373 1329 illud

195 1392 200 1399 ’
225 1382 351 1444 quoquc
366 1362 452 1427 idem
473 1368 531 1444 est,
555 1361 640 1443 quod
663 1360 781 1444 legitur
803 1382 854 1427 uu.
871 1366 890 1424 t
907 1366 939 1426 et
954 1364 988 1426 9:
1011 1378 1127 1444 nempe
1149 1368 1303 1446 apertum
1323 1372 1373 1448 cst

223 1463 277 1545 qui
301 1465 401 1528 multa
423 1462 455 1528 in
479 1462 600 1529 tabella
625 1468 734 1529 cerata
762 1461 902 1528 scribere
930 1460 1025 1547 uelit,
1054 1480 1133 1547 opus
1163 1480 1241 1531 esse
1269 1464 1374 1533 litteris

223 1583 295 1631 eum
318 1563 364 1628 uti
386 1562 617 1629 minutioribus.

313 1668 398 1743 §lt
435 1663 556 1742 Quodsi
571 1664 659 1730 cuius
682 1663 827 1745 religioni
849 1662 990 1730 nondum
1012 1664 1108 1748 plane
1128 1664 1299 1749 superiore
1321 1666 1374 1733 dh

221 1765 386 1851 putatione
408 1766 606 1832 satisfactum
628 1766 686 1830 sit:
716 1764 924 1849 respiciamus
945 1764 1107 1848 proxima;
1134 1764 1276 1850 ipsius
1298 1767 1374 1834 enin

221 1916 287 1970 teris
305 1916 495 1970 trochaecrum
513 1915 715 1983 iamborumque
734 1913 917 1968 schematibus
935 1914 1084 1968 abhorrens
1096 1913 1217 1969 licentia.
1245 1915 1375 1981 (Ceterum

222 2000 385 2054 Ritschelius
404 1999 535 2053 hocloco
554 1999 654 2066 primos
673 2013 780 2066 quoquc
803 1998 871 2053 duos
894 2014 991 2052 uersus
1008 1997 1152 2052 Reiaianos
1174 1997 1331 2071 discripsit,
1351 2002 1374 2055 ln

222 2084 319 2139 ceteris
339 2084 455 2152 quidem,
474 2098 541 2150 quos
560 2085 638 2136 etex
656 2082 708 2135 hac
726 2081 820 2136 fabula
837 2088 865 2136 et
882 2098 917 2138 ex
935 2082 1069 2137 Pseudulo
1082 2082 1323 2153 Bacchidibusque
1339 2090 1373 2139 at·

219 2169 284 2234 tuli,
309 2184 363 2223 uua
382 2184 442 2222 cum
460 2167 638 2221 Fleckeiseno
658 2171 753 2220 contra
770 2167 855 2234 legem
872 2172 1012 2235 peccans.)
1047 2166 1137 2235 Atque
1160 2168 1313 2225 uniuersus
1336 2168 1373 2223 ille

219 2253 305 2317 locus,
324 2254 371 2321 qui
387 2251 541 2306 continetur
558 2250 734 2305 iambiccrum
752 2252 1006 2319 trochaicorumque
1024 2266 1161 2318 uersuum,
1178 2260 1250 2320 quos
1266 2268 1325 2308 non
1340 2258 1373 2306 te-

219 2353 292 2392 mere
309 2336 432 2406 profectc
450 2336 616 2389 miscuerunt
632 2342 744 2403 poetae,
768 2335 1015 2401 uicissitudinibus‚
1041 2335 1218 2391 uehementer
1242 2336 1372 2393 desiderat

220 2427 377 2476 accuratam
388 2419 569 2487 subtilemque
581 2419 800 2488 disputationem.
830 2420 900 2474 Nam
918 2420 964 2489 qui
981 2420 1158 2475 fundamenta
1174 2420 1303 2477 iecerunt
1318 2422 1369 2477 nie

219 2505 358 2559 Bentleius
384 2509 518 2572 (spectant
540 2504 604 2558 illuc
629 2509 770 2571 praetcrea
793 2505 981 2559 adnotationes
1000 2504 1034 2559 ad
1051 2504 1134 2558 Haut.
1149 2502 1164 2558 Ι
1179 2508 1210 2567 2,
1226 2510 1266 2561 13.
1291 2506 1369 2561 aru.

218 2588 268 2654 13,
279 2592 319 2640 20.
340 2586 421 2641 Haut.
438 2587 477 2640 Ill
494 2592 570 2653 313,
590 2588 636 2653 al.)
655 2591 682 2641 et
700 2588 871 2643 Godofredus
889 2588 1060 2643 Hermannus
1077 2587 1174 2654 (Elem.
1189 2588 1218 2643 d.
1229 2604 1265 2644 m.
1279 2588 1369 2663 libai]

219 2687 278 2740 cap.
289 2670 381 2726 XVIII
394 2672 463 2725 conl.
474 2688 500 2740 p.
511 2677 563 2737 31),
582 2672 711 2726 diuinitus
723 2675 837 2742 uterque
849 2689 916 2727 aure
928 2673 1037 2736 callens,
1055 2672 1090 2727 ab
1103 2672 1190 2726 altera
1208 2674 1281 2729 alter
1297 2676 1370 2744 perte

218 2757 253 2810 ad
271 2756 456 2824 quaestionem
473 2772 615 2825 aggressus
634 2772 757 2812 mancam
775 2761 867 2812 tamen
885 2756 1081 2826 quodammodo
1099 2762 1126 2811 et
1141 2756 1303 2813 incohatam
1319 2772 1369 2813 ren

218 2842 398 2912 reliquerunt3
422 2841 587 2896 Ritschelius
606 2847 709 2909 autem,
734 2858 813 2910 quem
831 2856 964 2910 nusquam
982 2842 1090 2897 inuenio
1108 2842 1142 2896 de
1160 2840 1296 2898 hocloco
1314 2857 1369 2897 sen·

216 2928 329 2981 tentiam
347 2926 567 2994 pronuntiantem
586 2930 717 2991 (ceterum
735 2926 769 2980 cf.
790 2930 852 2993 §26
871 2927 931 2980 adu.
951 2926 1011 2980 crit.
1029 2926 1065 2980 ad
1082 2943 1109 2981 u.
1124 2929 1252 2995 91189),
1275 2928 1307 2983 in
1322 2928 1368 2981 hoc

217 3011 323 3079 quidem
341 3024 438 3077 genere
455 3026 509 3065 uon
528 3009 594 3065 satis
613 3011 665 3064 sihi
683 3017 810 3065 constans
829 3016 885 3075 aut,
903 3012 925 3065 si
944 3014 1082 3074 constans,
1100 3013 1129 3064 at
1145 3024 1245 3079 parum
1261 3024 1368 3067 seuerus

217 3096 277 3150 fuit.
308 3093 510 3148 Studemundus
530 3095 642 3162 denique
660 3109 728 3162 quae
747 3095 781 3150 de
798 3097 896 3150 cantic.
910 3096 950 3149 Pl.
965 3111 1024 3163 cap.
1037 3094 1086 3160 III,
1099 3094 1152 3161 V§
1168 3100 1179 3148 i
1198 3100 1238 3161 (u.
1250 3094 1368 3165 inprimis

216 3196 243 3247 p.
257 3183 287 3232 73
298 3182 367 3232 etih
377 3181 429 3246 sq.)
448 3178 606 3246 disputauit
625 3182 653 3232 et
663 3179 741 3234 nimis
753 3194 837 3248 parce
850 3185 914 3234 sunt
931 3210 964 3219 -
981 3179 1009 3234 id
1027 3178 1099 3247 quod
1115 3178 1175 3247 ipse
1191 3194 1249 3234 non
1264 3180 1368 3249 ignora·

216 3263 278 3330 bat,
304 3280 330 3317 u.
348 3279 375 3331 p.
396 3266 428 3315 'lb
446 3293 479 3302 -
497 3269 524 3316 et
542 3264 639 3331 quain
658 3278 687 3317 rc
704 3263 788 3317 totius
807 3264 972 3331 quaestIonis
991 3263 1068 3331 qnasi
1087 3263 1168 3317 cardo
1186 3264 1318 3327 uertitur,
1339 3278 1367 3319 ec

217 3349 335 3403 culmum
347 3348 423 3401 illum
435 3362 489 3400 non
502 3347 650 3401 intendIsse
667 3346 797 3414 produnt:
817 3355 865 3403 aut
883 3348 1111 3404 continuationem
1130 3346 1191 3402 dinc
1208 3353 1368 3419 perpetuam

216 3432 386 3501 dipodiarum
398 3432 597 3486 trochaicarum
613 3438 661 3485 aut
676 3432 757 3486 certis
775 3433 878 3500 legibus
896 3433 1055 3487 adstrictam
1072 3432 1299 3500 interruptionem
1316 3433 1368 3489 siue

217 3520 385 3571 constantem
410 3517 468 3569 siue
492 3517 572 3570 semel
597 3516 749 3571 admissam.
774 3547 808 3555 -
833 3517 957 3571 Ceterum
983 3532 1043 3571 cum
1067 3516 1184 3585 epistula
1206 3518 1369 3574 recitatura

216 3600 376 3670 septenariis
388 3601 474 3654 trech.
487 3602 521 3656 ad
537 3601 658 3655 senarios
670 3601 751 3654 iamb.
764 3603 895 3656 transitur
910 3603 991 3656 etiam
1002 3600 1101 3655 Pseud.
1112 3604 1161 3654 998
1174 3605 1202 3656 et
1212 3600 1300 3658 Persa
1308 3605 1367 3657 520:

215 3687 249 3741 cf.
269 3685 447 3739 Ritschclium
466 3685 565 3753 Opusc.
585 3687 637 3739 uol.
656 3686 696 3739 III
713 3702 739 3753 p.
754 3690 785 3739 16
804 3687 866 3741 adn.
880 3691 912 3741 34
932 3687 1001 3741 conl.
1019 3702 1046 3754 p.
1060 3689 1101 3738 45.

303 3776 326 3831 1)
346 3769 386 3824 cf.
399 3769 603 3824 Hermanuiana
613 3770 755 3824 Elementa
767 3788 792 3839 p.
810 3775 940 3824 toa-171
956 3772 1025 3827 conl.
1037 3770 1160 3824 Bentlaic
1171 3770 1201 3823 in
1212 3767 1279 3825 Ter.
1289 3770 1370 3825 Haut

214 3856 253 3909 IlI
261 3860 284 3920 3,
300 3860 337 3909 13.
357 3855 465 3908 Phorm.
476 3854 522 3919 14,
534 3859 570 3908 10.
589 3854 673 3908 Andr.
684 3854 758 3919 1114,
769 3859 792 3908 2.
803 3860 827 3909 3.

300 3944 326 4004 2)
344 3939 432 3994 Aliam
446 3954 558 4007 eamque
570 3939 761 4006 elegantiorem
776 3938 894 3995 fortasse
912 3940 990 3994 metri
1007 3934 1166 3993 restituendi
1183 3936 1261 3992 uiam
1276 3938 1307 3994 in
1325 3938 1372 3995 ad·

215 4028 270 4076 not.
291 4024 350 4078 crit.
370 4025 537 4091 aperuimus,
562 4030 593 4077 ut
611 4024 645 4077 ad
663 4024 828 4078 receusIonis
847 4026 871 4077 A
890 4023 1090 4078 similitudinem
1104 4021 1135 4099 in
1153 4020 1243 4077 altera
1264 4038 1374 4095 quoqne

216 4106 328 4160 extremi
345 4122 441 4162 uersus
460 4109 546 4178 trqch.
564 4108 661 4162 fierent
679 4109 833 4177 septenarii.
