2940 5144
333 603 336 608 ¹
355 533 397 586 De
414 531 581 587 Bacchidum
598 530 740 586 Plautinae
757 531 950 586 retractatione
967 531 1101 586 scaenica.
1262 527 1301 588 bl
1322 584 1340 619 ¹

240 707 260 786 ξ
284 707 312 770 3.
356 705 394 768 In
417 716 479 785 quo
502 722 632 768 numero
655 702 748 768 multi
769 721 847 767 sane
868 702 930 767 loci
955 708 1044 784 suut,
1073 722 1153 787 quos
1182 704 1234 769 uel
1263 721 1305 768 ex
1381 697 1390 721 ¹

155 804 251 873 meris
265 802 555 888 interpretamentis
571 808 657 869 ortos
672 822 743 869 esse
759 802 811 868 uel
826 802 1021 869 ludibundae
1043 824 1100 870 sen
1120 803 1304 886 grammati·

156 926 263 973 oorum
286 924 342 972 seu
364 905 564 971 librariorum
587 904 750 971 sedulitati
778 903 889 970 deberi
916 903 988 987 ipsa
1015 905 1201 987 uerborum,
1233 925 1302 972 seu-

156 1009 286 1091 tentiac,
309 1006 400 1072 metri
417 1006 534 1072 misera
549 1004 692 1072 condicio
707 1004 839 1090 prodat:
861 1010 960 1071 restat
975 1012 1082 1071 tamen
1097 1007 1208 1071 talium
1226 1008 1305 1073 satis

157 1125 274 1189 magna
292 1108 394 1193 copia,
417 1108 529 1192 quales
543 1128 584 1172 ne
600 1126 671 1173 oum
686 1107 825 1191 priorum
840 1108 1038 1173 saecolorum
1053 1106 1180 1172 arbitris
1195 1107 1303 1174 ereda-

156 1230 227 1276 mus
242 1230 262 1276 a
276 1209 409 1276 nouiciis
423 1208 603 1276 hominibus
616 1208 765 1275 confictos
777 1228 847 1274 esse
861 1208 1054 1292 impedimur
1066 1228 1135 1274 oum
1152 1210 1305 1276 sermonis
1447 1288 1450 1292 Α

156 1330 272 1394 genere
286 1310 356 1394 ipso
371 1311 485 1377 Plauto
504 1330 568 1376 non
589 1308 730 1394 indigno,
753 1315 819 1374 tum
841 1329 1042 1376 numeromm
1065 1310 1306 1395 argumentique
1344 1345 1350 1383 ι

157 1412 332 1480 rationibus
362 1412 456 1496 longe
485 1410 745 1477 absolutissimis:
776 1409 966 1495 impedimur
993 1413 1090 1477 etiam
1118 1418 1305 1478 ueterum
1337 1422 1342 1459 s
1459 1402 1469 1426 ⁰

157 1515 512 1595 grammaticorum
535 1511 804 1594 auctoritate,
829 1530 961 1593 quorum
976 1513 1166 1579 testimoniis
1181 1520 1305 1580 constat
1332 1546 1362 1604 ³.

157 1614 338 1680 biformium
366 1611 563 1696 quorundam
592 1614 733 1679 locorum
760 1612 793 1677 in
820 1612 893 1696 ipsa
920 1614 1111 1696 antiquitate
1139 1622 1336 1698 utramque·¹

157 1722 280 1801 partem
297 1716 467 1800 gemellam
489 1715 666 1781 lectitatam
689 1733 770 1780 esse.
806 1714 902 1781 Velut
922 1715 956 1780 in
971 1717 1077 1781 Plauti
1091 1715 1307 1782 Bacchidibus

158 1839 187 1883 u.
212 1820 284 1882 377.
306 1819 368 1881 378
390 1836 454 1883 ona
483 1836 554 1882 cnm
582 1815 684 1882 tribus
711 1816 950 1898 insequentibus
979 1818 1068 1883 nullo
1097 1819 1192 1885 modo
1220 1824 1306 1885 stare

157 1937 252 2002 posse
275 1917 401 2002 Guyeto
428 1916 665 2000 Ritschelioqoe
695 1917 873 1998 aequaliter
900 1926 1101 2002 perspectum
1131 1925 1213 1986 erat:
1243 1919 1308 1985 utri

158 2019 262 2102 potius
284 2038 342 2103 pro
357 2017 515 2084 Plautinis
535 2018 679 2107 habendi
700 2023 807 2085 esseut
828 2018 979 2085 iudicium
1002 2019 1187 2088 dissidebat.
1223 2020 1306 2099 Quo-

120 2208 122 2211 p
158 2141 228 2186 rum
243 2118 372 2202 quidem
387 2119 527 2202 priorum
542 2119 623 2185 fides
638 2118 735 2184 Nonii
752 2119 934 2187 testimonio
957 2127 1102 2204 augetur,
1124 2122 1307 2207 posteriori·

159 2223 219 2288 bus
241 2220 367 2293 accedit
381 2220 535 2286 Prisciani
557 2220 739 2303 auctoritas,
762 2221 816 2302 qui
838 2242 868 2288 u.
885 2226 946 2286 379
969 2223 1019 2289 bis
1042 2223 1161 2290 excitat
1174 2223 1206 2308 ¹).
1243 2224 1306 2289 lta-

160 2341 221 2403 que
244 2320 384 2388 dubitari
405 2342 468 2387 non
490 2327 596 2404 potest
617 2322 694 2405 quin
715 2322 749 2385 in
771 2322 902 2404 reliquis
925 2343 1051 2408 quoque
1076 2324 1189 2392 similis
1212 2331 1307 2390 notae

159 2423 238 2490 locis
261 2420 440 2489 traditae
462 2423 693 2507 scripturae
716 2422 933 2507 duplicata
954 2424 1115 2492 indoles
1141 2447 1188 2492 ex
1217 2426 1309 2511 ipsa

159 2523 411 2606 antiquitate
433 2524 587 2608 originem
610 2524 725 2590 trabat.

238 2624 426 2691 ¹Eorundem
441 2645 516 2692 uero
531 2627 811 2709 grammaticorum
827 2626 982 2693 beneficio
998 2633 1193 2713 compertum
1208 2629 1307 2695 habc-

158 2747 228 2793 mos
242 2727 410 2794 nonnullos
425 2725 519 2793 huius
534 2729 660 2810 generis
675 2727 763 2794 locos
782 2727 1011 2809 antiquitus
1033 2750 1108 2796 non
1128 2729 1166 2795 in
1189 2730 1306 2796 omni-

159 2829 231 2895 bus
252 2829 435 2895 fabularum
450 2829 576 2895 illarum
600 2827 811 2894 codicibus
834 2830 1019 2912 geminatim
1035 2838 1184 2898 exaratos
1199 2831 1306 2899 finisse.

158 2929 306 3010 Namque
320 2929 461 2995 Andriae
477 2929 612 2997 alterum
627 2929 748 2996 exitum
770 2931 801 2991 ἐκ
812 2929 957 3012 plorator
971 2931 1206 3015 exemplaribus
1221 2932 1308 2995 bonis

159 3051 221 3093 coc
234 3029 331 3113 ferri
350 3031 495 3120 Donatus
515 3035 742 3096 commemorat
751 3029 786 3112 ²).
823 3032 871 3096 Ac
891 3050 932 3095 ue
955 3051 995 3097 cx
1013 3032 1168 3097 Plautinis
1189 3031 1308 3100 fabulis

160 3132 342 3217 exemplum
364 3130 571 3212 desideretur,
593 3130 748 3196 illustrem
770 3130 861 3195 illum
883 3150 1026 3216 propono
1044 3131 1181 3198 Charisii
1202 3134 1307 3199 locum

160 3227 206 3314 (p.
225 3229 307 3313 184),
331 3230 385 3311 qui
400 3249 441 3294 ex
456 3229 671 3297 Bacchidibus
686 3230 835 3297 adferens
850 3253 880 3297 u.
898 3236 958 3296 545
982 3232 1043 3298 hoc
1064 3232 1170 3298 addit:
1193 3235 1224 3295 c'n
1240 3237 1308 3320 qoi-

160 3329 287 3393 bordom
309 3349 370 3392 con
382 3328 625 3415 seruat<or>3);
649 3351 712 3413 quo
735 3330 863 3414 quidem
885 3333 955 3399 looo
973 3333 1190 3400 Palatinorum
1212 3335 1307 3402 libro-

160 3453 229 3499 rum
260 3431 427 3499 duodecim
456 3451 582 3516 uersus,
611 3434 644 3499 in
674 3433 788 3514 quibus
815 3431 906 3500 illum
934 3453 955 3498 a
982 3434 1125 3501 Charisio
1154 3441 1307 3522 notatum,

161 3534 323 3601 nonsatis
346 3539 419 3618 apte
443 3551 499 3600 eos
522 3533 652 3616 quidem
675 3533 900 3601 conuenientes
923 3555 994 3601 oum
1016 3535 1180 3618 aliquanto
1204 3538 1306 3604 conci-

161 3635 275 3701 tatiore
291 3637 444 3702 sermonis
459 3635 656 3716 actionisque
678 3654 804 3718 genere,
828 3656 890 3717 qno
913 3638 1038 3719 reliqua
1060 3657 1177 3703 scaena
1199 3638 1307 3722 enitet,

161 3737 340 3802 etiamnunc
361 3737 475 3802 abesse
496 3736 745 3804 aBobieusibus
767 3738 959 3804 membranis
981 3739 1204 3807 uetustissimis
1223 3740 1307 3806 Guil.

162 3835 398 3904 Studemondus
420 3838 560 3903 narrauit
570 3838 605 3921 ⁴).

249 4007 272 4070 1)
291 4002 330 4056 cl.
348 4003 490 4058 Ritschelii
507 4003 695 4058 adnotationes
712 4003 740 4057 in
758 4003 882 4058 editione.

249 4093 274 4153 2)
293 4087 334 4142 cf.
351 4087 529 4142 Ritschelium
547 4090 657 4155 Parerg.
675 4105 701 4157 p.
721 4091 779 4141 595.

247 4176 273 4236 3)
291 4171 333 4226 cf.
351 4171 456 4227 Ritsob.
475 4174 583 4240 Parerg.
602 4189 628 4241 p.
646 4177 704 4226 418,

247 4262 273 4324 4)
290 4252 444 4326 ‘Festgruss
459 4275 495 4314 an
513 4258 748 4324 diewurnburger
759 4256 1115 4324 Philologenversammlung
1131 4254 1206 4312 1868'
1225 4274 1251 4327 p.
1265 4264 1307 4314 42.
