2948 4746
365 331 407 386 De
423 331 590 386 Bacchidum
606 330 749 385 Plautinae
766 329 960 385 retractatione
978 331 1112 386 scaenIce.
1250 329 1309 391 171

160 503 312 589 quoniam
334 503 450 570 eadem
471 503 556 568 inest
577 501 610 568 in
631 522 663 568 u.
681 501 941 568 XL'sententia
985 500 1094 581 Quid?
1123 521 1236 570 uersus
1257 504 1315 571 ille

148 606 295 690 XXXV,
307 625 404 688 quem
414 603 593 688 apparebat
610 623 672 670 non
683 621 774 668 suam
785 601 930 669 obtinere
941 601 1061 688 sedem,
1073 624 1145 672 cum
1156 606 1235 673 satis
1245 606 1316 673 ido-

163 728 261 775 neum
273 708 378 774 locum
392 705 536 773 inuenire
551 710 689 786 nequeat
703 702 766 770 nIsi
775 703 808 769 in
822 703 969 771 uersibus
979 705 1098 772 alicubi
1109 707 1316 775 XX-XXII

165 808 411 893 —praecedere
433 805 518 874 enim
541 809 675 889 oportet,
706 804 821 886 quibus
844 804 974 872 definite
995 807 1123 874 ueniam
1147 809 1238 874 illam
1259 809 1315 878 de·

164 916 260 992 neget
278 909 456 976 Nicobulus
478 943 519 954 -
541 908 608 973 illic
635 914 743 973 tamen
769 906 873 971 ubiuis
895 926 968 974 eum
991 909 1217 993 conlocaueris,
1240 910 1316 978 uide

165 1031 206 1078 ne
227 1011 390 1076 molestior
412 1009 530 1076 euadat
552 1008 730 1075 sententiae
751 1027 824 1073 cum
845 1007 950 1075 uioino
972 1028 1002 1075 u.
1018 1010 1098 1076 XXI
1111 1009 1270 1078 adfinitas.
1304 1010 1306 1015 ’

224 1111 324 1193 Atqui
334 1109 513 1195 suspicetur
524 1111 606 1176 forte
618 1109 777 1193 quIspiam
788 1108 1013 1193 interpolatum
1025 1131 1095 1178 esse
1107 1116 1140 1178 et
1151 1133 1180 1179 u.
1189 1113 1316 1179 XXXV
1346 1183 1352 1195 ,

163 1219 195 1281 et
207 1213 349 1278 XXXVI
365 1230 537 1296 eorumque
553 1210 586 1275 in
600 1211 671 1277 loco
687 1211 886 1294 reponendos
905 1231 976 1279 esse
991 1213 1162 1280 XXXVIII
1173 1234 1221 1297 sq.
1249 1217 1314 1283 Au-

163 1314 281 1381 dacula
294 1313 421 1381 uidetur
434 1312 509 1378 tells
524 1311 557 1377 in
572 1311 622 1377 his
638 1311 783 1377 uersibus
805 1312 954 1397 suspicio.
990 1315 1112 1382 Tamen
1132 1317 1196 1382 istu
1217 1318 1317 1385 missa

163 1416 318 1482 faciamus
340 1419 372 1482 et
393 1419 592 1480 transeamus
615 1412 658 1478 ad
680 1412 894 1480 examinanda
914 1414 990 1480 alia.

248 1515 464 1583 Gmuissimas
492 1514 576 1582 enim
604 1513 820 1581 dubitationes
851 1515 958 1582 adfert
986 1517 1082 1583 totius
1110 1519 1173 1586 loci
1202 1522 1317 1588 XXIII

163 1618 362 1684 —XXXVII
383 1616 538 1684 condicio.
571 1616 637 1682 Ubi
650 1620 687 1682 ut
700 1616 742 1683 ab
757 1616 933 1684 offensione
955 1618 1033 1684 satis
1056 1620 1219 1688 defensam
1243 1643 1316 1691 esse

165 1719 377 1786 concedamus
404 1737 553 1785 uersuum
581 1718 692 1784 XXIII
706 1736 753 1800 sq.
781 1723 812 1785 et
834 1719 1101 1786 XXIX-XXXI
1129 1722 1315 1807 propinqui·

163 1827 278 1903 tatem,
308 1820 424 1905 quibus
445 1819 496 1885 bis
517 1817 603 1886 idem
625 1818 723 1901 illud,
746 1824 781 1884 ut
802 1817 887 1885 diem
910 1826 1036 1904 carpat,
1060 1821 1218 1890 NIcobulo
1240 1845 1312 1892 sua-

163 1922 268 1990 detur:
291 1929 327 1989 ut
348 1922 392 2006 id,
415 1920 502 2003 quod
523 1926 629 2005 potest
650 1940 728 1988 sane
749 1919 963 2004 suspicionem
986 1942 1124 2008 mouere,
1147 1924 1316 1993 ferendum

162 2023 293 2106 iudices,
316 2022 403 2107 quod
423 2022 457 2087 in
479 2022 624 2089 uersibus
644 2023 738 2089 XXV
760 2027 792 2088 et
813 2022 937 2087 XXVII
958 2020 1001 2089 ad
1023 2024 1250 2092 sententiamm
1273 2029 1315 2094 si·

162 2124 374 2192 militudinem
396 2142 522 2190 summa
543 2124 668 2191 accedit
689 2126 811 2190 formae
840 2124 1035 2206 aequalitas:
1064 2145 1161 2207 quam
1182 2129 1315 2195 tandem

110 2295 114 2300 ,
161 2245 276 2293 censes
297 2244 368 2293 esse
389 2225 422 2291 in
443 2228 511 2292 toto
533 2226 605 2292 loco
626 2246 730 2293 rerum
745 2225 1038 2311 sententiarumque
1053 2228 1316 2296 cohaerentiam?

163 2327 278 2394 Nonne
300 2327 485 2412 Nicobulus‚
515 2347 587 2394 cum
615 2328 792 2396 labefactus
813 2329 970 2415 paulatim
998 2328 1169 2398 Bacchidis
1196 2331 1316 2400 inlece-

164 2428 229 2495 bris
246 2434 312 2494 tum
335 2428 429 2495 amici
451 2429 721 2518 cohortationibus
743 2433 876 2517 fractus,
898 2432 963 2500 iam
986 2432 1134 2518 deposita
1156 2436 1243 2503 omni
1263 2456 1314 2504 re·

162 2529 280 2614 ligione
296 2528 506 2598 descenderat
516 2529 559 2598 ad
573 2532 789 2617 turpissimum
801 2534 989 2615 ohseqqum
999 2533 1192 2619 disertisque
1205 2537 1316 2605 uerbis

163 2650 193 2696 u.
214 2632 323 2698 XXVI
350 2631 383 2698 id
404 2632 692 2718 pronuntiauerat?
720 2634 935 2702 Nihilominus
964 2637 1113 2704 continuo
1142 2658 1171 2704 u.
1187 2640 1314 2706 XXVII

163 2734 266 2818 pergit
288 2734 470 2819 aspernari,
492 2734 648 2817 abnuere,
671 2735 821 2799 cunctari.
864 2735 1031 2818 Attamen,
1052 2737 1081 2802 ei
1103 2737 1173 2820 ipse
1195 2757 1311 2822 exper-
1390 2799 1396 2804 .

162 2840 248 2902 recta
270 2833 506 2917 quodammodo
528 2834 646 2900 uirtute
667 2855 688 2900 a
710 2831 904 2916 turpitudine
933 2834 1038 2902 subito
1060 2835 1201 2901 animum
1222 2857 1315 2905 reuo-

162 2936 308 3003 cauerat:
337 2940 371 2999 at
397 2934 439 2999 ab
469 2935 524 3019 i'us,
559 2934 612 3015 qui
646 2933 678 2999 in
706 2933 941 3019 permulcendis
969 2934 1197 3018 redintegratis
1226 2937 1316 3006 illius

162 3035 318 3117 scrupulis
340 3053 471 3117 operam
494 3042 689 3118 consumunt,
716 3035 929 3102 animaduerti
958 3042 1043 3102 certe
1065 3039 1234 3120 oportebat
1256 3041 1314 3106 mi-

162 3155 231 3215 ram
252 3135 341 3199 illam
364 3133 537 3201 uoluntatIs
559 3136 781 3202 mutationem:
804 3134 1037 3218 uniusquidem
1059 3138 1107 3207 rei
1123 3140 1246 3207 nullum
1260 3161 1315 3208 us-

163 3255 259 3314 quam
274 3240 409 3319 apparet
423 3236 600 3320 uestIgium.
630 3237 800 3322 Mehercle‚
823 3258 895 3305 eum
911 3237 992 3305 haec
1013 3238 1161 3325 legimus,
1183 3261 1247 3310 non
1261 3261 1315 3310 so·

163 3332 228 3395 lum
257 3333 378 3399 crebris
403 3334 668 3406 Interstitionibus
697 3341 876 3409 testudineo
904 3340 1008 3423 gradu
1037 3340 1226 3427 procedere,
1255 3342 1314 3411 sed

163 3432 255 3511 quasi
283 3432 366 3517 pede
396 3442 533 3504 retracto
561 3447 670 3506 nostra
691 3440 804 3507 iterum
826 3463 971 3528 premere
993 3441 1131 3527 uestigia
1152 3444 1245 3511 nobie
1267 3446 1314 3511 ui-

163 3530 284 3598 demur.

248 3634 292 3699 At
313 3634 448 3702 fortasse
470 3639 587 3720 aliquis
609 3639 726 3707 dixerit
748 3663 789 3709 ex
812 3643 873 3711 hac
894 3645 967 3728 ipsa
987 3666 1022 3713 re
1044 3645 1187 3731 intellegi
1215 3667 1313 3729 quam

163 3733 246 3800 bene
269 3734 359 3802 Rite
369 3737 527 3810 chelius
543 3742 704 3807 turbatum
716 3745 916 3829 apertissime
928 3747 1153 3813 sententiarum
1166 3747 1311 3814 ordinem

163 3836 349 3904 restituerit:
376 3839 509 3906 multum
531 3843 615 3909 euim
637 3845 769 3930 abesse,
799 3853 830 3912 ut
851 3845 916 3912 iam
937 3846 1107 3914 inclinatus
1130 3850 1313 3930 fractusque

162 3935 206 4001 sit
228 3937 379 4004 Nicobuli
400 3940 540 4027 animus:
563 3944 672 4027 itaque
693 3946 786 4015 unius
808 3967 919 4014 uersus
941 3947 1050 4015 XXVI
1065 3948 1313 4032 transpositione

164 4038 322 4106 sublatam
352 4060 423 4109 esse
455 4063 580 4110 omnem
610 4046 839 4116 difficultatem.
869 4084 911 4096 —
939 4050 1009 4140 Age
1038 4069 1115 4116 uero
1145 4049 1314 4118 uideamus
