2940 5144
224 354 286 417 138
618 355 795 409 (lualtharius
813 354 983 409 Brachmann

223 526 474 613 repracsentanit
488 526 691 608 ltitsehelinq
715 526 779 591 iam
794 523 945 592 adfinem
962 544 1013 592 res
1027 525 1190 611 perducta
1210 532 1277 594 est:
1300 545 1375 609 quae

222 636 397 709 sequuntur
418 628 524 694 omnia
547 634 676 694 auctore
698 626 872 711 posteriore
895 624 1035 707 quodam
1057 634 1156 712 poeta
1179 628 1374 695 ruminantur

222 729 387 795 Plautinas
409 728 591 796 sententias.

307 832 410 898 Plana
433 838 464 897 et
486 836 599 917 aperta
621 850 672 895 res
695 838 758 911 est,
782 849 820 895 ac
841 847 883 893 ne
904 828 937 895 in
959 828 1098 895 seeundo
1122 827 1258 911 quidem
1281 830 1366 897 uersi·

222 933 303 1018 culo,
326 934 379 1015 qui
402 940 434 999 et
455 932 629 998 insuaniter
651 930 797 1014 producit
818 930 912 1015 primi
934 930 1186 997 enuntiationem
1209 931 1366 1015 nequest

222 1035 263 1101 de
286 1035 531 1119 transpositione
554 1033 636 1098 sorte
659 1032 795 1116 cogites,
819 1051 877 1118 per
898 1050 934 1098 se
956 1031 1130 1098 consistere
1151 1039 1274 1117 potest,
1296 1030 1365 1099 indi-

222 1138 305 1203 cium
322 1136 475 1203 haerebit.
507 1136 594 1215 Quos
610 1154 681 1201 eum
696 1134 729 1198 in
745 1134 827 1199 hanc
849 1131 989 1218 speciem
1010 1132 1236 1218 perscripserit
1251 1132 1365 1201 Veteris

222 1237 385 1302 librarius:

257 1384 317 1439 cul
335 1385 464 1453 Quidue
482 1385 531 1439 tibi
548 1384 582 1439 ud
600 1399 660 1439 esse
678 1399 747 1453 opus
765 1388 824 1438 est?
858 1372 920 1440 tud
940 1384 1008 1439 Volo
1026 1388 1058 1440 ut
1074 1382 1147 1455 quod
1161 1384 1267 1441 iubebo
1281 1385 1363 1441 facia·

337 1520 374 1575 Vt
392 1520 463 1575 scias
481 1535 549 1589 quae
566 1520 610 1574 bic
628 1482 715 1590 scipta
733 1520 811 1574 sient.

222 1658 363 1725 habesne
391 1657 476 1739 quod
499 1660 602 1739 magis
624 1660 794 1726 conueniat
821 1658 873 1724 isti
902 1655 1158 1738 conformationi,
1188 1674 1291 1739 quarn
1318 1678 1365 1743 pro

223 1758 347 1826 duobus
362 1761 564 1846 accipiendos
580 1780 650 1826 esse
668 1760 800 1843 integris
822 1758 1012 1843 septenariis
1024 1756 1057 1840 ¹),
1079 1757 1200 1843 pariter
1224 1760 1366 1826 nimirum

221 1861 445 1944 incipientibus
467 1882 487 1926 a
509 1862 616 1929 uerbis
648 1860 731 1939 Quid
751 1882 799 1947 me
821 1861 877 1923 ribi
898 1860 1006 1923 auleone
1034 1879 1112 1941 opus
1137 1858 1206 1923 eat?
1230 1885 1256 1927 τε
1282 1862 1365 1943 Volo;

221 1982 391 2047 equorum
407 1963 536 2046 quidem
552 1965 653 2031 altero
669 1964 701 2028 in
720 1964 821 2028 altera
843 1962 1027 2030 recensione
1047 1960 1172 2027 initium
1194 1960 1257 2027 liat
1279 1964 1366 2030 totius

222 2066 460 2132 altercationis?
494 2065 601 2144 Quid?
625 2065 710 2146 quod
730 2064 790 2130 bae
812 2063 1053 2129 ratiocinatione
1072 2061 1276 2132 extrinsecus
1298 2086 1364 2149 qno·

221 2164 391 2232 dammodo
407 2167 508 2251 petita
524 2186 604 2248 quas
626 2166 787 2233 consecuti
809 2184 917 2230 sumus
938 2182 1086 2229 uersuum
1108 2166 1365 2249 consociatione,

220 2267 350 2334 easdem
365 2269 418 2335 uel
433 2288 490 2334 suo
508 2268 634 2334 nomine
657 2266 789 2349 requirit
810 2266 910 2351 ipsius
932 2264 1094 2332 retractati
1116 2264 1307 2347 speciminis
1326 2267 1364 2333 in·

221 2367 321 2434 doles.
356 2368 447 2447 Quod
463 2389 525 2435 non
540 2368 682 2452 potuisse
700 2367 840 2435 exordiri
861 2389 882 2434 a
904 2389 933 2433 u.
950 2369 969 2429 6
993 2365 1159 2433 euidenter
1180 2368 1364 2454 comprobat

220 2473 344 2554 abquom
367 2472 482 2536 uocula
503 2469 609 2534 uerbis
630 2471 703 2532 nob
718 2476 750 2537 et
766 2470 838 2532 nolo
860 2468 1003 2536 adiecta:
1026 2466 1115 2534 euius
1136 2486 1177 2534 ea
1198 2475 1252 2535 est
1273 2469 1363 2551 notio,

220 2578 255 2637 ut
275 2570 478 2656 repetitae
501 2570 635 2638 alicuius
651 2573 701 2639 uel
718 2573 805 2638 noeis
823 2572 876 2637 nel
897 2568 1074 2638 sententiae
1096 2568 1145 2635 uis
1168 2568 1355 2653 efferatur2)

219 2673 376 2755 Ceterum,
400 2671 485 2754 quod
500 2672 532 2737 in
549 2672 650 2757 primo
666 2692 759 2739 uersu
774 2673 861 2738 solus
876 2672 975 2738 Vetus
997 2672 1137 2737 seruauit
1158 2672 1248 2757 qood
1260 2672 1363 2735 iubebo

209 2774 322 2857 socias·
349 2773 477 2857 (reliqui
499 2781 532 2840 et
553 2775 599 2839 Bc
621 2779 830 2858 reposuerunt
852 2773 1000 2839 iteratum
1029 2770 1146 2839 deinde
1172 2772 1298 2859 iubeo),
1327 2793 1363 2841 ne

217 2876 318 2960 repeti
342 2875 426 2942 idem
449 2895 545 2958 aegre
573 2876 659 2941 t'eras
689 2876 797 2941 statim
819 2895 848 2941 n.
871 2878 890 2938 6
920 2873 954 2935 id
974 2874 1060 2959 qood
1079 2884 1110 2937 te
1130 2872 1221 2937 iubeo
1241 2874 1363 2959 serdus:

216 2977 305 3061 prius
320 2977 400 3043 illud
423 2976 466 3043 ad
487 2980 624 3043 futmum
647 2976 780 3058 aliquod
802 2975 986 3042 mandatum
1008 2981 1141 3061 spectat,
1163 2975 1252 3056 quod
1273 2996 1361 3045 seruo

217 3097 252 3144 se
274 3078 501 3161 imperaturum
524 3077 601 3144 dicit
622 3077 807 3160 Nicobulus,
829 3076 885 3143 ubi
906 3078 1029 3144 litteras
1051 3076 1237 3163 perlegerit;
1260 3082 1360 3163 poste·

218 3178 282 3244 rius
304 3184 506 3262 praesentem
528 3180 631 3265 poscit
653 3179 899 3262 oboedientiam,
921 3178 1043 3245 scilieet
1064 3185 1099 3243 ut
1120 3184 1252 3246 maneat
1266 3178 1359 3265 (lbry-

215 3280 312 3346 salus.
349 3280 550 3361 Quamquam
567 3280 663 3347 etiam
679 3280 811 3361 cogitari
825 3286 932 3363 potest
952 3281 1145 3363 glossemate
1167 3297 1209 3346 ex
1230 3299 1360 3363 sequen·

217 3382 300 3448 tibus
323 3380 423 3447 inlato
446 3401 555 3447 uerum
578 3387 742 3448 extrusum
765 3402 844 3449 esse.
886 3382 1072 3465 Elegantior
1093 3400 1170 3447 sane
1192 3380 1361 3465 eloquendi

105 3524 110 3531 -
216 3483 354 3549 nanetus
377 3488 434 3564 est,
458 3500 522 3563 qua
543 3483 625 3549 alter
645 3483 700 3550 ille
724 3488 853 3550 ornatur
870 3502 991 3566 uersus,
1014 3501 1109 3564 quem
1123 3481 1361 3551 recensionisd

215 3583 389 3667 principem
405 3603 476 3650 esse
490 3584 658 3651 noluimus.
696 3585 785 3664 Quae
801 3583 930 3666 quidem
946 3584 1010 3650 iam
1033 3604 1098 3651 una
1119 3602 1191 3649 eum
1212 3589 1360 3653 retracta

214 3684 291 3751 toris
306 3704 403 3769 opere
421 3685 455 3751 in
478 3692 649 3771 conspeetu
670 3686 817 3772 ponenda
840 3694 959 3770 quanto
983 3687 1111 3753 omnino
1130 3686 1173 3752 sit
1193 3685 1252 3755 illo
1273 3708 1361 3773 prae·

300 3925 324 3985 1)
342 3918 391 3976 Vel
406 3920 496 3989 potius
509 3920 734 3989 redintegrandis:
754 3936 807 3989 qno
819 3921 988 3990 potissimum
1001 3921 1113 3987 ratione,
1127 3924 1191 3989 post
1201 3920 1364 3979 uidebimus,

212 4004 424 4143 subsisiianiem
441 4004 497 4058 Mil.
518 4005 591 4059 Glor.
611 4009 659 4059 218
680 4007 750 4061 oonl.
769 4009 828 4071 215,
848 4004 1210 4075 cept.ota.sas.1olsFl.,
1228 4010 1263 4063 ut
1278 4008 1308 4063 in
1325 4008 1366 4065 pq„
