2940 5144
159 320 201 380 94
324 312 347 329 ⁸
561 282 926 391 11111111111131101111111111

160 514 255 575 quam
267 491 426 559 interdum
441 500 541 577 prope
555 491 715 577 placuisse
727 490 854 559 uidetur
869 492 1050 562 hominibus
1063 492 1168 559 doctis
1179 492 1215 577 ¹),
1233 495 1320 577 eqni-

159 595 233 661 dem
253 601 359 660 tamen
383 590 565 659 huiusmodi
589 594 698 660 turbas
720 594 935 660 retractatoris
958 594 1105 661 inscitiae
1129 594 1245 664 deberi
1268 597 1320 680 qui

161 697 363 762 conclamant
377 715 444 761 rem
460 713 516 761 eos
534 695 713 761 absoluisse
735 695 790 762 uix
812 693 1012 762 crediderim.
1046 696 1104 763 Sin
1127 704 1240 765 autem
1263 698 1318 764 cir-

160 797 349 883 cumspicies
379 796 499 880 locum,
535 814 597 877 quo
629 796 782 864 credibile
812 798 852 864 sit
882 796 959 862 olim
988 798 1171 882 respexisse
1205 819 1318 867 uersus

159 897 376 980 393l-403⁸,
400 897 506 964 facere
525 918 589 964 non
611 899 731 983 poteris
754 899 828 980 quin
851 898 884 963 in
907 918 955 981 ea,
978 898 1072 965 cuius
1090 898 1168 966 olim
1190 901 1318 984 fuerint,

158 1000 344 1067 recensione
374 991 523 1066 scaenam
554 998 714 1079 quandam
743 1006 886 1066 secutam
916 1018 987 1067 esse
1016 1000 1204 1086 suspiceris,
1237 992 1341 1092 nnnc,

158 1104 309 1168 amissam
331 1101 421 1166 illam
444 1097 589 1183 quidem,
619 1100 651 1166 in
674 1120 737 1181 qua
762 1102 885 1192 gratiae
915 1108 1085 1184 agerentur
1113 1102 1181 1170 siue
1215 1105 1318 1172 amico

159 1203 228 1270 siue
244 1224 348 1285 seruo,
371 1201 414 1267 ad
434 1200 521 1268 cuius
544 1200 591 1267 rei
614 1202 886 1287 exspectationem
908 1203 973 1268 illis
996 1201 1147 1270 uidelicet
1169 1204 1318 1274 uersibus

159 1325 230 1371 cum
245 1305 385 1370 maxime
407 1301 612 1370 intenduntur
634 1309 848 1388 spectatorum
870 1303 979 1370 animi.
1017 1304 1100 1370 Nam
1122 1305 1156 1372 in
1178 1310 1250 1374 tota
1272 1310 1327 1374 fa-·

159 1405 245 1490 bula,
268 1406 372 1489 qualis
388 1424 470 1471 nunc
494 1405 638 1489 traditur,
661 1406 740 1472 satis
762 1411 873 1491 aptum
897 1405 1079 1473 huiusmodi
1101 1406 1318 1474 meditationi-

159 1506 218 1572 bus
243 1505 347 1572 locum
370 1507 425 1573 uix
446 1506 607 1590 inuenies,
638 1507 698 1572 nisi
727 1509 808 1574 sorte
840 1512 1017 1574 extremam
1045 1527 1197 1574 scaenam
1220 1510 1322 1593 1114,

159 1627 242 1688 quae
264 1614 371 1675 tamen
393 1608 548 1693 iambico,
577 1629 639 1675 non
661 1607 822 1675 trochaico
852 1616 953 1675 metro
983 1608 1159 1694 composita
1188 1616 1253 1677 est:
1285 1619 1320 1677 ut

159 1716 283 1775 taceam
299 1710 379 1776 alias
397 1709 489 1776 huius
504 1710 640 1795 generis,
657 1730 739 1792 quae
754 1711 928 1792 excogitari
946 1715 1087 1795 possunt,
1106 1709 1318 1795 coniecturas,

159 1829 242 1891 quae
264 1830 323 1877 nec
345 1811 466 1879 habent
489 1813 635 1878 umbram
657 1811 732 1879 fidei
754 1831 813 1877 nec
835 1831 974 1893 unquam
997 1811 1170 1877 habebunt.
1217 1811 1318 1891 Quid-

160 1910 238 1994 quid
253 1912 350 1993 igitur
364 1913 487 1998 statuis,
513 1915 576 1981 iam
594 1912 684 2003 uides
700 1914 890 1981 sententiam
906 1914 995 1979 illam
1017 1920 1103 1980 stare
1124 1934 1189 1980 non
1210 1934 1317 2000 posse,

157 2012 219 2078 nisi
234 2013 328 2079 simul
343 2015 402 2081 tibi
416 2016 615 2100 persuaseris
630 2014 852 2095 grauissimam
867 2015 1046 2097 argumenti
1067 2014 1161 2080 huius
1183 2015 1319 2083 fabulae

159 2113 320 2196 totiusque
342 2116 467 2182 consilii
489 2136 528 2182 ac
551 2115 789 2200 compositionis
810 2118 929 2181 factam
953 2114 1316 2184 esseimmutationem.

157 2215 248 2295 Quae
264 2216 394 2297 quidem
413 2215 540 2302 opinio,
553 2216 615 2283 nisi
637 2215 771 2283 aliorum
794 2235 967 2299 eorumque
990 2217 1094 2300 magis
1116 2215 1316 2285 euidentium

158 2322 417 2401 argumentorum
439 2318 621 2384 accessione
644 2316 842 2400 stabiliatur,
865 2338 929 2384 non
951 2324 1057 2403 potest
1078 2339 1142 2385 non
1164 2318 1316 2386 omnibus

160 2417 397 2503 probabilitatis
420 2417 558 2484 numeris
582 2417 735 2484 destituta
758 2416 868 2485 uideri.

144 2563 147 2569 ·
242 2518 434 2598 Quaerenda
450 2526 498 2585 est
512 2518 608 2604 igitur
625 2518 726 2585 lenior
740 2519 921 2601 explicandi
943 2519 1034 2586 ratio.
1072 2521 1189 2586 Verum
1213 2520 1312 2588 enim-

155 2638 242 2703 uero,
264 2626 300 2686 ut
315 2639 458 2688 enarrem
475 2620 561 2701 qnod
580 2619 692 2702 sentio,
715 2620 792 2685 mihi
809 2619 940 2702 quidem
957 2640 1039 2701 quae
1060 2641 1144 2689 nunc
1164 2621 1198 2687 in
1219 2622 1314 2689 libris

156 2721 304 2805 leguntur
326 2740 374 2787 ex
397 2729 568 2804 utroque
589 2741 739 2805 genere
762 2722 890 2787 mixta
912 2741 983 2790 esse
998 2721 1156 2806 uidentur,
1178 2722 1225 2789 sic
1241 2724 1312 2808 qui-

158 2825 248 2909 dem,
280 2832 314 2891 nt
335 2829 538 2908 retractator,
568 2830 810 2909 praeceptorum
833 2823 1002 2889 moralium
1023 2859 1064 2870 -
1086 2824 1201 2891 aetatis
1222 2824 1314 2892 illius

155 2925 342 2994 deliciarum
358 2940 396 2970 -“
414 2927 590 3009 adamator,
614 2925 809 3010 adsperserit
822 2924 982 3008 generalis
998 2926 1177 3008 argumenti
1198 2945 1312 2993 uersus

154 3027 242 3095 haud
264 3029 389 3111 multos,
414 3035 505 3113 aptos
528 3047 583 3094 eos
606 3027 649 3093 ad
671 3029 754 3110 grati
776 3027 874 3092 animi
893 3024 1201 3094 commendationem
1222 3028 1310 3094 exci-

106 3130 108 3138 ’
156 3127 349 3210 tandamque
364 3133 490 3198 strenue
505 3128 624 3214 agendi
638 3128 826 3195 industriam
842 3148 901 3195 nec
917 3127 1002 3193 male
1016 3127 1218 3195 concinentes
1236 3148 1310 3195 cnm

155 3228 343 3297 Mnesilochi
365 3229 504 3313 adfectu,
528 3229 633 3311 qualis
649 3249 666 3295 e
682 3229 827 3295 uersibus
849 3228 966 3294 eminet
987 3229 1219 3313 superioribus:
1244 3228 1311 3296 iam

156 3338 189 3396 ut
211 3329 294 3397 alius
316 3331 385 3397 siue
408 3331 555 3397 dominus
577 3330 685 3412 gregis
706 3330 775 3395 siue
797 3334 894 3413 poeta
916 3329 1114 3420 eruditorum
1144 3329 1310 3397 hominnm

154 3431 187 3495 in
203 3451 296 3498 usum
314 3432 442 3498 fabulas
465 3431 655 3513 instaurans,
678 3431 744 3496 alia
766 3430 834 3497 eius
855 3429 980 3510 generis
1003 3432 1171 3514 sententia,
1194 3432 1312 3513 quales

69 3526 81 3549 '
154 3532 273 3616 passim
297 3532 383 3617 apud
406 3530 544 3598 comicos
567 3537 774 3616 usurpantur,
802 3530 835 3596 in
858 3536 997 3597 mentem
1021 3536 1217 3614 occurrente,
1241 3552 1310 3598 am-

154 3632 238 3717 plius
254 3632 331 3713 quid
346 3632 518 3699 adiecerit:
541 3639 575 3698 ut
591 3654 662 3699 cnm
684 3632 825 3700 locorum
847 3632 1074 3717 parallelomm
1096 3638 1164 3698 tum
1185 3632 1311 3716 glosse-

155 3742 275 3799 matum
305 3733 488 3800 accessione
516 3734 670 3820 paulatim
699 3735 787 3802 locus
818 3735 1007 3801 accreuerit:
1041 3740 1076 3800 ut
1105 3733 1312 3802 diasceuasta

156 3832 302 3918 denique,
325 3835 345 3900 1.
362 3855 389 3901 e.
412 3835 582 3919 impudens
596 3836 651 3903 ille
667 3837 882 3923 interpolator,
905 3836 959 3918 qui
982 3836 1090 3902 multis
1112 3834 1192 3902 locis
1215 3855 1310 3902 cunc-

245 4058 268 4119 1)
287 4052 327 4110 Cf.
348 4053 376 4109 (l.
390 4053 593 4110 Fuhrmaunum
611 4053 640 4109 in
658 4053 727 4110 Nou.
742 4068 804 4109 ann.
823 4058 842 4107 t.
857 4057 889 4108 99
907 4055 942 4117 (a.
959 4055 1034 4121 1869)
1051 4069 1077 4122 p.
1093 4056 1153 4107 484.
