2940 5144
545 310 721 366 (inaltharius
740 309 912 365 Brachmann

358 482 465 537 vixisse
482 480 563 535 nimio
583 480 673 534 sacius
691 485 732 533 est
749 477 803 531 iam
822 493 902 547 quam
920 477 1012 533 uiuere
1273 486 1301 536 ¹51

357 566 508 636 Magistron
526 579 685 635 quemquam
704 562 864 630 discipulum
882 561 1033 617 minitarier

222 658 255 707 45
358 650 432 705 Nihil
449 665 540 704 moror
558 647 705 717 discipulos
723 647 788 701 mihi
806 661 866 701 esso
882 647 936 700 iam
953 645 1049 714 plenos
1068 647 1221 716 sanguinis
1270 654 1301 703 rt:

356 735 457 789 Valens
475 732 578 788 afliciat
596 749 638 787 me
654 735 780 788 uaciuom
798 731 895 785 uirium
1038 722 1043 727 ’

273 819 340 875 Pist.
358 818 435 874 Fiam
453 825 485 873 ut
503 834 551 887 ego
570 820 666 887 opinor
684 817 789 872 ercules
807 822 837 870 tu
855 822 945 871 autem
962 814 1049 868 Linus
1058 816 1077 878 ¹)

272 903 332 959 Lid.
358 904 408 958 Pol
424 909 515 958 metuo
534 903 618 971 magis
636 917 671 956 ne
688 902 811 956 Phoenix
828 900 884 955 tuis
901 899 981 955 iactis
998 899 1075 953 fuam

358 988 451 1054 Teque
468 987 503 1042 ad
521 993 624 1056 patrem
642 1001 702 1041 esse
719 988 864 1054 [mortuum
882 984 1031 1039 renuntiem

222 1079 255 1128 50
273 1072 340 1128 Pist.
360 1072 431 1126 Satis
449 1072 623 1126 historiarum
642 1078 667 1124 st
684 1070 743 1125 Lid.
763 1070 807 1125 hic
826 1070 914 1124 uereri
931 1068 1048 1137 perdidit

252 1214 254 1218 ,
360 1156 552 1224 Compendium
571 1155 666 1224 edepol
685 1156 757 1211 haud
773 1155 857 1209 aetati
875 1153 994 1222 optabile

359 1241 462 1294 Fecisti
479 1257 540 1295 cum
557 1241 665 1295 instanc
682 1241 884 1308 islidlillnactus
902 1236 1126 1307 inpudenclam2)

359 1325 473 1380 Occisus
491 1325 535 1379 hio
553 1327 632 1380 homo
651 1328 693 1378 est
710 1341 741 1379 ec
759 1324 824 1392 quid
841 1324 869 1378 in
886 1326 1002 1377 mentem
1020 1326 1063 1376 est
1082 1323 1140 1378 tibi

361 1410 467 1463 Patrem
486 1410 536 1463 tibi
554 1425 614 1465 osse
631 1409 696 1463 Pist.
715 1409 763 1463 tibi
782 1423 830 1477 ego
849 1413 897 1463 aut
914 1413 944 1461 tu
961 1406 1027 1460 mihi
1045 1421 1152 1464 seruus
1173 1425 1208 1466 55

224 1500 257 1548 55
275 1492 335 1548 Lid.
361 1494 440 1548 Peior
457 1494 584 1562 magister
601 1499 628 1547 te
647 1494 731 1548 istaec
749 1493 839 1548 docuit
856 1508 912 1547 non
929 1506 979 1559 ego

359 1578 447 1634 Nimio
467 1585 528 1634 estu
546 1580 582 1635 ad
600 1579 666 1633 istas
684 1593 727 1633 res
746 1579 894 1646 discipulus
914 1575 1026 1630 docilior

359 1664 445 1731 Quam
465 1663 500 1717 ad
517 1663 564 1717 illa
581 1678 651 1731 quae
668 1667 695 1716 te
713 1663 792 1717 docui
810 1663 858 1717 ubi
875 1675 983 1730 operam
1001 1659 1113 1729 perdidi

275 1749 341 1804 Pist.
359 1748 432 1803 lstac
450 1754 529 1802 tenus
547 1748 599 1802 tibi
614 1747 669 1801 lide
686 1747 796 1802 libertas
815 1746 879 1801 data
897 1751 922 1800 st

361 1833 497 1887 Orationis
515 1832 582 1887 satis
600 1834 643 1885 est
660 1847 771 1901 sequere
789 1847 831 1886 me
847 1833 899 1885 hac
916 1845 949 1884 ac
966 1833 1028 1884 tace

224 1923 256 1973 50
274 1917 334 1972 Lid.
359 1917 466 1985 Edepol
483 1916 573 1971 fecisti
590 1916 692 1970 furtum
711 1917 737 1971 in
756 1922 844 1970 aetate
861 1916 960 1969 malum

360 2002 426 2056 (ium
444 2002 531 2057 istaec
548 2002 652 2070 flagitia
669 2017 711 2055 me
730 2000 853 2055 celauisti
869 2000 893 2054 dc
910 2006 1014 2069 patrem

155 2129 229 2208 post
248 2141 376 2190 norsum
398 2127 505 2189 antem
531 2126 589 2186 175
606 2123 641 2187 R.
665 2122 759 2188 haec:

225 2243 258 2292 60
360 2237 467 2307 Edepol
484 2238 574 2292 fecisti
591 2237 693 2292 furtum
711 2237 840 2292 inetatem
858 2238 943 2291 malus
1273 2243 1301 2295 lsi

360 2321 428 2389 Qum
445 2323 531 2377 istaec
549 2322 651 2391 flagitia
668 2338 710 2375 me
728 2322 851 2376 celauisti
868 2321 892 2375 d
909 2324 1014 2389 patrem

225 2409 258 2459 58
361 2405 432 2460 lstec
451 2409 529 2461 tenus
546 2407 596 2461 tibi
612 2405 668 2460 lida
686 2405 838 2460 &libertas
856 2404 920 2460 data
938 2411 964 2459 st
1270 2411 1301 2463 lid

359 2489 496 2546 Orationis
515 2491 580 2546 satis
599 2494 640 2545 est
658 2506 769 2559 sequere
786 2505 829 2544 me
846 2491 897 2545 kac
916 2505 949 2544 ac
966 2491 1055 2555 taceo

156 2610 282 2691 Reliqui
305 2612 432 2678 codices
460 2612 521 2677 nisi
550 2613 583 2677 in
610 2612 735 2697 pusillis
764 2610 955 2693 quibusdam
977 2631 998 2676 5
1019 2611 1141 2678 Vetere
1173 2636 1241 2681 non
1266 2633 1301 2679 re

155 2711 273 2779 cedunt
286 2718 412 2798 practer
427 2713 489 2779 hoc
503 2733 609 2794 unnm,
633 2713 718 2794 quod
740 2712 774 2778 in
796 2714 846 2779 his
868 2733 930 2778 non
953 2717 1144 2797 repetuntur
1163 2723 1301 2797 quattuor

154 2814 202 2879 illi
224 2834 275 2880 uu.
294 2817 435 2897 58-6t;
459 2819 599 2880 cetorum
621 2815 653 2879 in
675 2836 705 2879 u.
724 2820 763 2877 54
786 2814 856 2882 rell.
880 2836 919 2877 on
942 2835 1000 2898 pro
1024 2822 1086 2879 out.

239 2916 357 2982 Versus
379 2915 476 2998 igitur
499 2919 548 2980 58.
570 2919 609 2979 59
632 2936 696 2981 ιιοιι
718 2916 859 3000 potuisse
881 2935 1030 2982 scaenam
1052 2934 1117 2980 non
1141 2919 1299 2984 conclu-

155 3017 262 3099 dere,
285 3017 395 3100 itaque
415 3036 527 3084 uersus
551 3020 600 3082 60.
625 3021 661 3081 61
688 3017 738 3084 his
760 3018 835 3084 olim
859 3023 1009 3101 exceptos
1031 3035 1112 3097 esse,
1138 3017 1228 3085 siout
1248 3020 1300 3085 fac

154 3123 220 3182 tum
243 3116 410 3184 uideamus
431 3119 465 3184 in
486 3118 603 3185 Vetere
627 3120 803 3201 posteriore
830 3120 886 3186 illo
915 3120 1078 3204 exemplo,
1108 3117 1300 3188 Ritsehelius

154 3219 331 3305 perspexit;
362 3239 421 3286 nec
443 3220 546 3286 minus
569 3220 777 3304 probabiliter
805 3219 939 3287 coniecit
961 3218 1140 3303 Seyffertus
1176 3221 1299 3289 eosdem

154 3323 205 3386 58.
222 3323 262 3385 59
278 3319 441 3402 utriusque
457 3321 652 3388 recensionis
673 3341 900 3388 communes
922 3320 1034 3386 fuisse:
1058 3319 1146 3402 quod
1161 3341 1244 3389 uero
1259 3323 1299 3388 hic

153 3428 245 3506 putat
266 3422 300 3486 in
322 3422 425 3488 altera
445 3422 511 3488 illis
532 3424 688 3507 praeiisse
709 3444 761 3489 uu.
779 3428 829 3489 51.
846 3427 895 3489 52.
913 3428 963 3488 55.
980 3426 1029 3488 56.
1047 3425 1085 3485 57
1104 3457 1143 3466 -
1160 3423 1298 3491 Ritsche

153 3523 231 3588 lium
253 3523 338 3588 enirn
359 3522 503 3603 sequitur
527 3545 579 3591 nu.
603 3529 653 3589 53.
677 3529 717 3587 54
740 3532 815 3591 ante
838 3529 888 3589 51.
911 3527 951 3587 52
980 3529 1247 3606 transponentem
1265 3558 1297 3573 α

153 3643 266 3708 parum
282 3623 360 3688 mihi
375 3624 508 3691 adridet.
542 3629 593 3692 An
609 3628 803 3693 Pistoclerus
819 3625 998 3711 superiores
1013 3623 1201 3708 paedagogi
1217 3625 1296 3695 costi·

76 3725 1298 3826 amwfflmmmmmm

242 3879 264 3942 l)
282 3874 405 3930 inculca
423 3876 510 3931 noluit
527 3878 582 3932 Bb:
602 3895 628 3931 u.
648 3877 790 3932 Ritsehelii
807 3884 976 3947 apparatum.

238 3963 264 4024 2)
282 3960 354 4013 Ante
371 3974 493 4015 rasuram
511 3961 784 4032 inpudentiamactus.

239 4047 264 4108 3)
282 4041 401 4098 Lineolis
421 4044 561 4100 subductis
579 4046 628 4100 hos
647 4063 743 4102 uersus
761 4046 888 4101 delendos
907 4060 967 4100 esse
984 4043 1117 4100 indicauit
1136 4047 1190 4104 Bb.
