2948 4746
379 336 420 390 De
438 333 606 390 Bacchidum
623 333 765 388 Plautinae
782 334 976 389 retractatione
993 336 1127 390 scaenica.
1282 335 1322 395 79
1341 393 1345 403 ,

172 506 280 574 nuisse
302 513 354 572 sat
376 505 444 587 erit,
467 504 510 571 ad
528 511 630 571 artem
653 504 794 571 criticam
816 504 1024 571 factitandum
1045 507 1140 591 longe
1162 505 1322 573 diuersam

173 628 244 676 esse
265 603 408 691 bipertiti
430 606 663 672 retractationis
684 606 810 688 generis
832 605 912 688 uim,
940 625 1002 688 quo
1031 613 1098 674 tota
1124 608 1182 672 illa
1206 607 1321 675 diuisio

172 709 300 792 regitur.
334 706 622 774 Additamento
639 707 722 773 enim
738 705 869 773 histrico
880 707 1071 774 modestiore
1087 707 1321 789 quodammodo

172 809 280 876 indole
295 808 450 894 praedita,
474 809 624 876 uidelicet
640 828 722 890 quae
744 829 808 875 non
830 814 978 875 auersata
999 809 1064 873 sint
1084 810 1185 893 ipsius
1206 817 1321 894 poetae

172 912 287 994 uerba,
315 916 434 978 utnon
456 912 587 977 nimium
610 912 713 977 solent
735 911 889 993 praebere
913 907 1126 993 difficultatis,
1154 911 1198 976 ad
1226 912 1321 978 inter·

170 1013 367 1098 polationum
389 1032 490 1095 genus
513 1013 622 1092 aliqua
644 1031 686 1076 ex
707 1016 799 1095 parte
821 1030 893 1076 sese
915 1011 1125 1094 applicantia:
1154 1013 1200 1078 ita
1221 1015 1320 1079 multo

170 1115 353 1181 licentiores
383 1112 708 1198 dittographiae,
738 1112 816 1178 satis
838 1113 1056 1180 intricatarum
1078 1115 1258 1197 turbarum,
1286 1121 1321 1180 ut

171 1215 310 1300 adsolet,
341 1235 411 1281 cum
435 1216 567 1281 comites
589 1219 656 1278 tum
679 1214 914 1297 concitatrices,
943 1235 1006 1281 non
1030 1215 1176 1282 desinent
1198 1216 1320 1282 critico-

170 1338 239 1383 rum
254 1317 385 1398 ingenia
401 1335 558 1382 exercere.
594 1315 678 1382 Nam
694 1316 749 1380 uix
764 1321 813 1382 est
828 1315 914 1400 quod
936 1336 1083 1383 moneam
1106 1317 1225 1384 diuersi
1247 1338 1319 1384 con-

170 1418 246 1501 silii,
269 1439 330 1501 quo
346 1418 508 1498 utriusque
527 1417 652 1501 generis
674 1417 918 1484 architectorum
941 1417 1088 1484 uideatur
1110 1426 1320 1503 temperatum

170 1539 241 1586 esse
263 1539 392 1585 munus:
421 1539 492 1584 cum
514 1518 547 1583 in
570 1517 793 1601 dittographiis
816 1518 967 1585 uidelicet
996 1520 1189 1587 breuiandae
1219 1521 1318 1602 quod-

170 1621 243 1686 dam
259 1619 399 1686 studium
415 1620 466 1685 uel
481 1619 611 1685 fabulae
626 1620 680 1683 uel
695 1638 832 1687 scaenae
855 1621 995 1705 conspici
1016 1623 1119 1688 solere
1141 1621 1179 1688 G.
1197 1622 1320 1689 Goetzii

169 1723 315 1789 acumine
330 1720 416 1787 docti
431 1722 545 1786 simus:
568 1721 759 1787 contrarium
775 1721 951 1788 institutum
970 1721 1189 1789 additamenta
1210 1733 1320 1790 secuta

169 1842 240 1890 esse
261 1823 331 1908 ipso
353 1822 480 1889 nomine
503 1828 667 1906 appareat.

252 1944 272 2020 ξ
291 1946 337 2005 14.
374 1943 443 2006 lem
457 1961 534 2025 uero
549 1940 577 2006 is
592 1939 805 2007 nominandus
821 1946 879 2023 est,
903 1941 958 2023 qui
972 1939 1216 2007 saluberrimam
1235 1942 1317 2028 huic,

167 2041 200 2107 in
224 2060 286 2123 qua
307 2042 452 2126 plerique
475 2041 541 2107 fere
564 2061 699 2126 peccare
721 2042 840 2126 solent,
870 2043 917 2108 rei
944 2042 1051 2107 attulit
1078 2032 1204 2110 lucem.
1235 2045 1319 2111 Tota

168 2143 251 2208 enim
268 2151 414 2227 quaeest
430 2143 470 2209 de
489 2143 714 2210 retractatione
736 2144 916 2209 fabularum
930 2144 1150 2211 Plautinarum
1173 2147 1317 2226 quaestio

167 2251 199 2310 et
220 2245 450 2330 comprehensa
472 2251 504 2311 et
526 2243 658 2334 mirifice
681 2251 776 2311 aucta
798 2251 847 2311 est
869 2265 908 2310 ea
931 2245 1212 2331 commentatione,
1236 2266 1318 2328 quae

167 2352 272 2412 exstat
293 2346 326 2410 iu
342 2347 492 2413 Actorum
516 2345 685 2414 Societatis
707 2346 892 2430 philologae
914 2345 1090 2430 Lipsiensis
1113 2367 1134 2412 a
1155 2348 1317 2415 Friderioo
1424 2344 1428 2350 ’

165 2447 341 2515 Ritschelio
357 2448 513 2515 editorum
529 2448 689 2514 uolumine
705 2448 749 2513 Vl
765 2445 808 2529 (a.
826 2446 919 2529 1876)
940 2468 972 2531 p.
986 2449 1197 2532 235-3281),
1221 2452 1316 2531 quam

165 2549 413 2633 Dittopropltien
434 2551 476 2611 im
499 2549 720 2612 Plantasteoetc
741 2549 829 2612 nebat
850 2548 1078 2613 methodircdco
1098 2550 1316 2634 Folperunpen

164 2652 323 2737 inscripsit
345 2657 455 2717 auctor
469 2650 669 2732 Georgius
684 2651 826 2718 Goeta:
850 2650 914 2732 qui,
937 2669 1007 2715 eum
1030 2652 1225 2718 uniuersum
1235 2651 1317 2718 illud

122 2763 127 2773 ‘
165 2755 363 2836 corruptelae
377 2772 480 2835 genus
494 2773 557 2818 uno
573 2759 745 2836 conspectu
760 2756 835 2817 ante
852 2751 962 2817 oculos
984 2757 1124 2834 poneret,
1148 2759 1180 2817 et
1202 2772 1315 2819 causas

164 2854 367 2935 rationesque
391 2854 506 2935 quibus
528 2857 726 2920 coerceretur
748 2851 948 2936 explanauit,
973 2856 1005 2915 et
1025 2853 1129 2918 forms
1150 2852 1236 2919 unde
1258 2852 1313 2917 flu-

163 2956 250 3020 xisse
273 2954 435 3021 uideretur
456 2951 562 3035 quoad
583 2952 652 3017 fieri
666 2958 792 3037 poterat
806 2950 940 3035 aperuit.
975 2949 1043 3028 Quo
1059 2949 1187 3030 quidem
1204 2952 1314 3018 libello

164 3074 236 3120 cum
249 3054 302 3118 uia
317 3060 564 3120 commonstrata
584 3054 639 3137 sit,
659 3072 724 3134 qua
744 3051 944 3136 potissimum
965 3051 1107 3135 proiecta
1128 3049 1171 3115 ad
1194 3057 1313 3119 certum

164 3147 322 3236 quendam
345 3153 440 3220 finem
462 3173 514 3220 ars
538 3154 647 3221 critica
670 3152 890 3220 difficillimam
909 3152 991 3218 hanc
1008 3141 1226 3234 quaestionem
1243 3172 1312 3237 per-

163 3243 279 3322 ducere
302 3254 419 3340 possit:
442 3254 624 3338 uideamus,
651 3255 728 3338 quid
748 3254 986 3321 nouissimis
1008 3254 1258 3337 temporibus
1279 3254 1312 3337 ii,

163 3358 217 3439 qui
231 3357 265 3423 iu
279 3359 394 3424 Plauto
410 3356 609 3424 emendando
626 3377 758 3443 operam
773 3357 1026 3438 conlocauerunt,
1049 3354 1110 3425 hac
1130 3353 1162 3419 in
1184 3375 1219 3421 re
1241 3375 1312 3441 pro-

162 3458 303 3525 fecerint.
1223 3462 1227 3468 “

247 3560 295 3626 Ac
317 3558 412 3624 latius
439 3557 567 3641 quidem
595 3559 677 3625 illud
704 3579 821 3642 genus,
852 3557 938 3642 quod
967 3561 1091 3643 spectat
1117 3555 1160 3621 ad
1188 3557 1310 3623 fabula

160 3681 230 3728 rum
253 3660 418 3728 consilium
441 3679 480 3726 ac
494 3660 752 3750 dispositionem,
779 3660 866 3726 haud
887 3650 1090 3725 mediocriter
1113 3661 1240 3724 auctum
1263 3662 1311 3725 est

248 3814 272 3875 l)
289 3808 449 3880 Addendum
472 3809 543 3864 Mus.
561 3809 649 3865 Rhen.
666 3815 686 3864 t.
703 3809 796 3864 XXXI
813 3813 848 3877 (a.
865 3813 940 3876 1876)
957 3825 984 3879 p.
1002 3811 1146 3863 ees-eet.
1180 3805 1224 3860 Ad
1246 3821 1310 3861 ean·

160 3893 220 3949 dom
237 3909 294 3950 rem
312 3894 450 3963 pertinent
469 3893 587 3948 eiusdem
608 3891 694 3962 praef.
712 3893 821 3963 Epidici
838 3898 873 3962 (a.
892 3897 967 3959 1878)
984 3908 1011 3962 p.
1028 3890 1143 3960 XXIsq.
1161 3895 1189 3944 et
1207 3889 1309 3945 (lutcu-

159 3978 238 4033 lionis
250 3983 285 4044 (a.
296 3982 372 4045 1879)
383 3994 409 4048 p.
420 3977 558 4046 XXIsqq.‚
570 3983 712 4047 praeterea
724 3977 997 4034 commentatiuncula
1009 3983 1081 4032 tomo
1091 3975 1208 4030 XXXIV
1220 3975 1310 4031 Musei
1353 4015 1357 4024 .

146 4062 211 4115 ·Rh.
228 4062 330 4118 inserta
347 4079 373 4133 p.
392 4066 536 4118 603-608.
1161 4071 1165 4078 ·
