2940 5144
358 695 400 748 De
417 694 586 749 Bacchidum
603 693 746 747 Plautinae
763 691 958 747 retractatione
976 692 1110 746 scaenica.
1267 688 1307 751 89

241 869 259 942 ξ
286 869 333 932 19.
371 867 421 930 De
438 866 506 930 eius
529 867 635 930 autem
657 863 793 947 generis,
818 861 903 943 quod
925 862 965 927 in
987 862 1162 943 singulis
1186 865 1306 949 conspi-

157 968 236 1035 citur
258 966 379 1049 locis‚
402 965 510 1031 indole
533 986 571 1030 ac
592 965 721 1032 notione
744 970 817 1051 post
839 963 985 1046 egregias
1008 964 1068 1029 Th.
1091 966 1231 1050 Bergkii‚
1254 967 1307 1034 Fr.

156 1068 338 1151 Ritschelii,
369 1067 405 1133 G.
430 1067 555 1133 Goetzii
578 1087 670 1133 curas
693 1067 773 1131 nihil
800 1085 879 1150 opus
909 1071 957 1130 est
984 1064 1104 1132 addere
1133 1068 1195 1134 nisi
1224 1069 1309 1150 quod

157 1191 255 1256 supra
269 1168 448 1253 attigimus:
472 1169 655 1253 bipertitam
672 1188 742 1235 esse
758 1167 977 1252 exemplorum
993 1167 1128 1250 copiam.
1165 1170 1308 1236 Alterum

160 1272 244 1340 enim
266 1291 366 1357 genus
395 1272 571 1337 continetur
601 1269 780 1355 propriis
810 1267 1110 1352 dittographiis
1137 1271 1157 1336 i.
1181 1291 1207 1336 e.
1232 1271 1310 1337 locis
1341 1304 1342 1309 κ

159 1374 315 1458 gemellis,
338 1375 473 1440 alterum
496 1372 810 1452 additamentis,
838 1370 953 1451 quibus
975 1371 1187 1456 amplificatur
1208 1376 1309 1442 oratio

158 1479 205 1543 ita
227 1475 357 1558 quidem
379 1481 429 1558 ut,
459 1493 653 1558 quamquam
676 1493 696 1537 a
716 1475 831 1539 Plauto
858 1473 1002 1556 profecta
1032 1493 1102 1540 esse
1131 1473 1218 1540 credi
1247 1496 1311 1542 non

160 1585 300 1667 possunt,
323 1583 389 1643 tam
404 1576 531 1642 felicem
545 1576 750 1642 nihilominus
765 1575 933 1642 suboleant
949 1573 1087 1640 Plautini
1101 1574 1221 1660 ingenii
1242 1576 1310 1643 imi-

161 1682 324 1762 tationem,
349 1686 384 1745 ut
405 1675 492 1743 haud
514 1679 608 1744 facile
630 1677 771 1744 animum
793 1677 926 1744 inducas
949 1676 992 1741 ad
1014 1678 1110 1743 uilem
1134 1699 1173 1744 ea
1194 1679 1312 1746 adscri-

162 1784 238 1849 bere
259 1780 539 1863 interpolationem
562 1780 697 1845 turbam.

250 1885 397 1950 Ceterum
412 1885 481 1957 non
490 1881 660 1947 tacendum
683 1886 731 1946 est
754 1879 975 1947 difficillimam
999 1901 1096 1967 saepe
1119 1883 1194 1949 oriri
1216 1903 1312 1965 quae-

163 1985 309 2067 stionem,
333 1990 437 2049 utrum
452 1983 633 2049 huiusmodi
648 1982 868 2049 additamenta
882 2004 995 2049 reuera
1009 1985 1042 2049 in
1057 1985 1192 2051 iteratae
1215 1985 1312 2050 actio-

163 2088 212 2154 nis
228 2086 393 2152 scaenicae
409 2104 501 2150 usum
516 2085 635 2169 scripta
653 2084 831 2167 uideantur,
853 2104 895 2150 an
917 2086 998 2152 forte
1020 2085 1095 2152 inde
1118 2108 1138 2152 a
1159 2087 1313 2171 principio

165 2189 219 2271 qui
234 2208 274 2254 ea
289 2186 476 2253 confinxerit
490 2184 701 2252 lectitantium
716 2184 880 2251 hominum
894 2185 1032 2269 gratiam
1051 2193 1227 2272 aucupatus
1243 2207 1314 2254 esse

164 2291 271 2357 uerius
285 2293 414 2373 putetur
427 2288 459 2368 ¹).
498 2287 569 2366 Qua
584 2288 617 2353 in
632 2308 666 2353 re
681 2285 889 2353 memorabile
911 2306 989 2352 sane
1011 2288 1092 2355 illud
1115 2289 1201 2370 quod
1222 2290 1315 2356 abest

165 2393 290 2457 illorum
306 2392 457 2473 locorum,
475 2409 554 2471 quos
570 2390 715 2474 respicio,
730 2409 805 2472 pars
820 2409 841 2453 a
854 2387 936 2456 libro
952 2389 1105 2474 rescripto
1120 2391 1324 2473 Bobiensil).-
1343 2401 1349 2409 ‘

166 2493 334 2578 Recipiunt
348 2499 454 2558 antem
470 2491 557 2558 hand
572 2512 643 2558 raro
664 2511 792 2558 sensum
816 2489 858 2556 ad
874 2490 989 2557 Graeci
1010 2492 1130 2574 ingenii
1151 2492 1313 2560 familiari-

167 2603 264 2662 tatem
286 2594 384 2677 paulo
407 2594 536 2678 propius
558 2588 630 2660 sese
653 2592 867 2678 applicantem
877 2593 903 2676 3)
928 2595 1145 2675 sermonisque
1167 2579 1337 2678 colorem‚‘

167 2718 261 2780 quem
284 2697 511 2763 Terentianum
535 2697 640 2782 potius
664 2716 760 2777 quam
783 2695 964 2763 Plautinum
987 2716 1057 2763 esse
1080 2697 1261 2782 existimes,
1283 2699 1317 2763 in

165 2800 306 2866 moribus
338 2799 538 2883 potissimum
571 2797 782 2884 depingendis
816 2798 988 2864 enitentem
1019 2800 1249 2883 sententiisque
1278 2800 1319 2866 de

166 2904 253 2969 uitae
269 2902 393 2967 ratione
408 2901 450 2967 ad
466 2901 591 2967 uirtutis
606 2905 778 2985 praecepta
793 2900 988 2966 instituenda
1009 2901 1104 2968 latius
1126 2921 1317 2985 prosequen-

168 3005 226 3069 dis.
262 3001 357 3083 Quod
372 3003 501 3083 quidem
517 3022 618 3087 genus
633 3023 704 3068 cum
719 3003 752 3067 in
768 3002 841 3067 aliis
856 3002 974 3069 tabulis
997 3009 1063 3068 tum
1086 3004 1118 3068 in
1133 3005 1319 3071 Trinummo

168 3127 230 3171 non
245 3105 429 3185 infrequens
445 3103 611 3169 Bitschelii
626 3104 798 3186 praecipue
813 3104 958 3169 acumine
974 3105 1134 3188 cognitum
1154 3106 1318 3172 habemus.

253 3207 359 3287 Atque
383 3226 423 3272 ex
438 3204 715 3270 Bacchidibus
739 3203 866 3284 quidem
890 3224 930 3269 ca
951 3207 1100 3289 exempla
1121 3206 1226 3289 priore
1249 3208 1319 3273 loco

170 3306 329 3374 conlocari
344 3327 404 3389 par
420 3311 478 3387 est,
501 3304 616 3385 quibus
634 3304 868 3371 retractationis
891 3304 1010 3370 indicia
1031 3307 1136 3371 inesse
1158 3307 1221 3372 iam
1245 3313 1320 3373 ante
1378 3351 1382 3358 -

169 3427 227 3474 nos
250 3408 292 3472 ab
315 3407 387 3472 aliis
410 3405 667 3471 animaduersum
695 3409 752 3470 est.
798 3404 898 3483 Quem
920 3406 952 3471 in
975 3425 1140 3472 nnmerum
1170 3408 1321 3489 qnoniam

171 3528 280 3574 omnes
302 3510 368 3573 fero
390 3507 478 3572 locos
501 3505 616 3571 cadere
638 3506 749 3589 uideo,
782 3507 837 3588 qui
859 3507 900 3572 ad
923 3507 1059 3572 alterum
1082 3508 1161 3575 illud
1187 3510 1228 3575 de
1257 3529 1319 3592 qno

170 3609 265 3676 modo
282 3609 401 3674 dictum
417 3615 465 3674 est
480 3626 580 3690 genus
602 3608 777 3692 pertinent:
799 3610 841 3674 ab
865 3607 914 3674 his
937 3607 1100 3693 capiamus
1122 3610 1320 3696 principium.

171 3760 268 3828 nuperi
280 3758 392 3814 editoris
404 3758 607 3813 lucubrationes
620 3774 696 3827 quas,
715 3763 869 3827 spectantes
882 3759 1051 3828 potissimum
1068 3757 1104 3813 ad
1121 3760 1230 3815 tabulae
1247 3762 1320 3830 prin·

172 3845 235 3914 cipii
248 3842 379 3912 reliquias
397 3844 629 3899 reconcinnandas
648 3842 749 3908 (Plauti
767 3860 845 3910 com,
863 3860 917 3899 reo.
936 3849 963 3898 et
980 3859 1068 3898 enarr.
1086 3845 1125 3900 lo.
1140 3845 1210 3900 Lud.
1224 3846 1323 3915 Ussing

171 3932 226 3986 nol.
244 3930 279 3994 Il,
296 3927 420 3982 Hauniae
442 3932 514 3994 1878,
534 3945 561 3996 p.
576 3933 731 3994 eet-377),
750 3945 805 3984 non
823 3929 881 3984 sine
898 3929 990 3984 fructu
1008 3928 1167 3985 adhibebis(

261 4020 284 4080 t)
303 4012 502 4067 statement
520 4013 605 4082 praei.
624 4013 714 4068 Τι’ἰη.2
731 4030 758 4081 p.
776 4013 876 4068 ΧΧΧΙ.

259 4103 284 4164 2)
303 4097 344 4153 ef.
364 4099 456 4153 Goetn.
474 4098 508 4152 de
526 4098 632 4166 dittogr.
651 4116 678 4168 p.
698 4103 747 4153 270
765 4099 826 4153 adn.
861 4099 1029 4168 sperandum
1050 4099 1133 4167 igitur
1156 4103 1198 4153 est
1216 4098 1275 4154 fore
1293 4102 1323 4154 ut

173 4183 274 4239 certius
293 4181 393 4249 aliquid
410 4187 468 4236 tum
485 4187 605 4237 statuere
622 4184 717 4248 liceat,
742 4198 802 4237 cum
821 4182 880 4251 quis
903 4184 992 4236 omnia
1016 4183 1137 4251 exempla
1160 4183 1324 4250 congesserit

172 4269 244 4322 illius
262 4268 447 4321 Palatinorum
470 4267 599 4321 librorum
616 4267 841 4335 Ambrosianique
862 4266 1052 4333 dissensionis,
1077 4283 1145 4335 quae
1171 4267 1323 4323 continetur

175 4351 286 4420 singulis
304 4351 463 4420 pluribusne
481 4351 606 4406 uersibus
624 4352 682 4406 siue
700 4352 804 4406 omissis
822 4351 881 4406 siue
898 4351 1005 4406 additis.

261 4441 286 4501 3)
305 4435 345 4490 Gt.
363 4436 410 4490 Fr.
428 4435 569 4491 Schmidtii
586 4436 763 4504 (quaestiones
781 4436 814 4490 de
832 4436 872 4491 Pl.
891 4436 948 4491 Mil.
968 4436 1042 4492 Glor.
1061 4453 1088 4506 p.
1109 4441 1157 4493 350
1168 4454 1207 4507 sq.
