2940 5144
158 307 219 366 12⁸2
550 307 727 363 Gualtlsarius
744 306 917 363 Brachmanai

241 478 364 559 Quodsi
387 478 567 560 quisdicat
596 480 762 545 insuauem
791 480 1129 555 interstitionem
1158 476 1235 545 lieri
1262 498 1322 545 ora

156 584 251 650 tionis
266 588 338 668 post
352 601 382 647 u.
403 587 476 647 llo:
499 601 561 647 non
577 598 673 663 aegre
688 579 774 646 idem
790 601 846 649 eos
861 582 975 649 tulisse
997 586 1093 669 puto,
1118 580 1247 663 quibus
1267 601 1319 647 non

157 683 322 769 legendae,
345 682 403 749 sed
425 680 619 768 spectandae
642 681 672 746 in
696 682 820 749 theatro
842 683 936 750 huius
958 702 1105 751 maenam
1123 684 1230 768 copia
1244 683 1317 751 laea

158 794 251 855 esset.
284 786 393 870 Pergit
415 783 567 851 uidelicet
585 784 671 864 loqui
687 782 807 868 Lydus,
830 784 980 866 quoniam
994 784 1106 870 pergit
1120 786 1316 855 Pistoclerus

156 889 332 955 institutam
348 887 434 953 uiam
458 893 575 967 tenere,
598 905 702 967 neque
724 887 894 969 quiequam
917 885 959 951 ad
981 886 1315 975 priorarespoadens

156 1009 259 1071 neque
274 988 459 1070 consistens,
481 988 537 1052 ubi
552 987 594 1052 ad
609 994 759 1071 paternas
780 986 880 1054 aedes
900 995 1090 1072 pementum
1114 998 1173 1057 est
1186 996 1226 1073 ¹).
1260 992 1313 1077 Ap·

156 1098 247 1176 paret
268 1097 391 1172 autem,
420 1090 448 1154 si
469 1089 530 1155 hoc
552 1090 638 1172 loeo,
668 1097 743 1156 ante
765 1109 794 1155 u.
820 1093 895 1172 113,
924 1089 1107 1157 inserantur
1129 1110 1256 1159 uersus
1275 1092 1314 1159 illi

160 1195 218 1254 125
230 1210 295 1271 sq.:

310 1306 372 1361 Non
390 1306 436 1360 hle
453 1306 544 1376 placet
561 1306 598 1361 mi
615 1306 735 1362 ornatus.
770 1305 864 1361 PIST:
883 1305 968 1361 Nemo
986 1307 1050 1374 ergo
1067 1306 1120 1364 tibi

310 1391 369 1446 Hoc
387 1392 545 1461 apparauit:
564 1390 629 1445 milri
646 1396 807 1460 paratumst,
826 1392 888 1458 quot
905 1390 1013 1459 placet,

158 1512 244 1595 quod
266 1513 368 1579 noluit
385 1512 550 1579 Goetzius:
572 1514 635 1578 iarn
659 1514 835 1596 aegerrime
856 1510 977 1598 percipi
999 1529 1040 1576 ex
1062 1530 1166 1582 uersu
1191 1524 1311 1585 antece

158 1616 254 1681 dente
282 1615 449 1698 repetitum
478 1615 668 1680 uocabulum
701 1625 846 1699 erasurus,
879 1613 1067 1697 praesertim
1098 1634 1178 1682 enm
1209 1620 1312 1686 statim

158 1738 186 1782 u.
212 1723 270 1781 114
293 1715 406 1784 eadem
428 1736 479 1782 res
504 1717 617 1782 iterum
647 1723 803 1800 tangatur.
849 1715 981 1781 Accedit
1010 1716 1097 1796 quod
1125 1727 1209 1802 post
1233 1721 1311 1787 inso-

157 1822 225 1886 lens
246 1818 325 1885 illud
348 1820 562 1902 acerbumque
584 1836 768 1901 responsum
795 1824 1041 1884 consentaneum
1068 1822 1119 1883 est
1146 1840 1219 1887 non
1249 1824 1311 1907 pla·

157 1920 228 1988 oide
242 1920 363 2002 aliquid
379 1940 532 2003 quaerere
548 1919 780 2004 paedagogum,
803 1918 861 1985 sed
875 1918 1078 1985 stomachosa
1095 1921 1312 2007 castigatione

157 2023 346 2106 discipulum
367 2023 539 2106 conripere.

242 2124 346 2202 Quid?
375 2144 479 2191 nonne
501 2143 612 2189 uersus
633 2122 696 2202 illi,
726 2120 781 2202 qui
802 2120 918 2188 frustra
941 2122 973 2187 in
994 2122 1057 2188 hac
1081 2123 1192 2204 qualis
1220 2126 1312 2192 nobis

157 2225 275 2292 tradita
301 2235 351 2293 est
377 2246 494 2292 scaena
522 2224 600 2290 satis
628 2229 738 2306 aptum
765 2223 827 2289 sibi
856 2223 1020 2305 requirunt
1046 2225 1170 2307 locum,
1203 2226 1309 2311 lrag·

156 2334 329 2394 mentum
352 2346 423 2392 esse
442 2327 547 2394 uerius
571 2325 835 2391 existimabuntur
858 2345 898 2390 ex
921 2327 1016 2410 paulo
1039 2323 1249 2396 adstrictiore
1272 2329 1310 2396 si·

156 2429 241 2494 milis
264 2429 441 2513 argumenti
463 2446 609 2494 sermone
631 2434 808 2509 seruatum,
838 2448 932 2511 quem
960 2447 1023 2491 non
1051 2426 1247 2497 incredibile
1271 2431 1310 2498 sit

155 2530 285 2612 genuini
308 2531 378 2596 loeo
401 2550 473 2595 eum
502 2530 534 2594 in
564 2529 656 2596 huius
684 2549 820 2614 scaenae
849 2529 954 2613 capite
981 2529 1180 2614 reposuisse,
1213 2551 1309 2614 quesn

154 2632 295 2713 reliques
318 2631 460 2697 eiusdem
482 2639 590 2716 partes
613 2637 735 2698 constet
763 2630 860 2696 ualde
888 2631 1074 2697 immutasse
1103 2650 1211 2713 neque
1240 2634 1309 2700 ueri

155 2733 308 2800 dissimile
330 2734 372 2798 sit
395 2732 562 2799 breuiandi
584 2734 715 2800 oonsilio
738 2733 986 2799 retractauisse?

249 2837 333 2902 Nam
364 2855 461 2901 causa
490 2856 553 2901 non
582 2843 631 2901 est
660 2855 715 2900 eur
748 2834 928 2901 dubitemus
960 2835 1036 2916 quin
1065 2854 1147 2916 quae
1179 2835 1307 2920 integra

154 2938 245 3003 nobis
268 2942 396 3003 seruata
418 2941 466 3002 est
487 2937 580 3002 huius
603 2936 748 3020 principii
770 2938 912 3002 recensio
935 2937 976 3002 ab
999 2935 1068 3021 ipso
1092 2936 1208 3004 Plauto
1231 2960 1303 3023 pro·

154 3041 238 3104 lecta
260 3039 310 3104 sit.
347 3040 398 3104 De
420 3039 532 3103 ceteris
555 3044 661 3103 autem
683 3038 710 3103 si
734 3039 929 3119 quaerimus:
953 3037 1039 3119 quod
1061 3037 1103 3104 ad
1125 3044 1304 3107 extremam

153 3159 303 3205 scaenam
325 3139 455 3221 attinet,
485 3139 752 3224 acquiescendum
775 3146 824 3205 est
845 3140 878 3204 in
900 3140 1023 3207 ratione
1046 3146 1138 3205 acute
1160 3159 1203 3205 ex
1232 3141 1303 3226 ipso

153 3247 338 3325 argumento
354 3242 464 3325 potita,
483 3260 546 3322 qua
562 3241 739 3326 Seyffertus
755 3262 825 3307 eam
841 3241 1066 3324 recensionem,
1090 3241 1179 3307 ouius
1196 3251 1304 3309 essent

151 3364 203 3409 uu.
222 3347 282 3408 166
294 3364 341 3426 sq.
358 3344 405 3427 R,
429 3342 657 3424 (angustiorem
673 3343 777 3427 igitur,
801 3363 895 3425 quam
912 3344 939 3407 B
961 3343 1067 3409 littera
1089 3343 1301 3427 signauimus)

45 3472 48 3478 ·
152 3444 372 3528 comprobauit
393 3466 456 3509 non
479 3464 574 3527 posse
588 3446 768 3512 Plautinam
793 3464 872 3511 esso.
908 3446 968 3510 llle
991 3444 1074 3509 enim
1096 3446 1175 3507 satr's
1199 3448 1302 3529 inepte

152 3547 198 3611 ait
220 3545 400 3608 Pistoclero
410 3545 534 3630 probro
549 3546 624 3609 duri
637 3550 742 3630 polius
763 3545 848 3631 quod
859 3547 989 3632 flupdr'u
1008 3567 1065 3608 suu
1083 3546 1302 3632 puedupopum

151 3659 182 3710 et
199 3658 325 3731 putrem
347 3647 513 3721 eeluuerit,
542 3670 632 3732 quara
656 3649 741 3733 quod
762 3650 957 3711 romrnrlsoru't.
1004 3647 1093 3726 Quae
1117 3648 1232 3714 eadem
1253 3655 1303 3716 est

151 3749 299 3817 Teuffelii
315 3752 482 3817 sententia.
517 3754 553 3815 In
569 3751 675 3817 media
697 3751 835 3831 denique
858 3770 975 3815 scaena
998 3770 1081 3830 quae
1103 3769 1144 3815 ex
1166 3748 1232 3818 fine
1253 3773 1300 3820 re·

150 3854 250 3936 petita
264 3858 337 3936 post
351 3874 382 3919 u.
402 3857 456 3917 131
483 3854 680 3937 reposuimus
696 3859 760 3917 tarn
777 3859 845 3918 arte
860 3873 930 3918 oum
954 3850 1129 3918 confinibus
1151 3853 1193 3918 ab
1218 3862 1301 3921 utra-

152 3973 353 3985 -—·———

238 4041 260 4101 l)
279 4037 341 4091 Vid.
360 4035 450 4090 adnot.
470 4035 527 4089 erit.
547 4037 581 4090 ad
599 4053 625 4090 u.
647 4042 703 4091 113.
