2940 5144
167 292 227 352 104
554 293 731 349 Gnaltharlua
748 295 920 351 Brachmann

165 464 264 531 tinam
288 469 520 546 tractauernnt,
543 471 599 532 aut
621 465 681 532 hoc
703 467 774 532 loco
797 466 942 549 geminos
963 466 1029 548 legi
1051 485 1169 533 uersus
1192 467 1320 535 omnino

165 588 227 633 non
244 574 418 649 senserunt,
440 573 495 632 aut
511 568 653 634 consulto
673 587 786 633 manus
808 587 828 632 a
850 568 996 634 uersibus
1019 567 1228 655 expellendis
1249 569 1318 635 abs-

165 669 302 736 tinentes
313 669 391 735 satis
407 668 585 736 habuerunt
599 669 812 752 antisigmatis
827 675 904 735 nota
919 687 974 737 eos
994 669 1204 754 distinguere.
1237 671 1316 737 Nam

163 790 204 836 ex
226 771 296 855 ipsa
317 770 506 853 antiquitate
528 770 719 854 repetendos
741 790 811 837 esse
835 791 864 837 u.
887 774 1068 837 937-940
1099 773 1154 837 nix
1178 790 1314 854 negaue-

162 871 219 937 rim
233 874 271 954 ¹):
294 892 488 954 quamquam
511 873 552 937 ab
575 871 645 955 ipso
663 872 774 938 Plauto
793 872 986 956 compositos
1009 892 1079 940 esse
1100 874 1154 940 uel
1179 874 1242 940 hos
1267 876 1315 941 uel

163 974 337 1056 quemlibet
359 994 482 1057 eorum,
507 992 586 1056 quos
609 973 767 1056 expressi,
799 993 880 1057 nego
904 993 1000 1055 quam
1022 976 1170 1041 maxime.
1219 974 1315 1043 cuim

162 1075 208 1141 rei
230 1082 418 1158 argumenta
439 1077 502 1140 iam
526 1075 677 1159 aperiam.
713 1073 843 1157 Omitto,
867 1074 952 1155 quod
967 1094 1071 1158 neque
1087 1096 1136 1142 uu.
1153 1079 1315 1145 937-40.

163 1179 331 1241 stt-952
354 1194 457 1256 neque
480 1176 611 1241 alterius
633 1175 827 1242 recensionis
853 1197 904 1242 uu.
927 1180 1074 1242 tol-65
1098 1178 1243 1245 Plautini
1271 1180 1316 1245 in·

162 1277 246 1360 genii
263 1276 434 1342 ostendunt
448 1277 597 1362 uestigia,
621 1276 654 1340 id
671 1277 757 1358 quod
773 1297 835 1343 non
859 1276 900 1343 de
922 1279 1061 1344 numeris
1084 1277 1206 1345 dietum
1229 1283 1316 1365 uolo,

163 1378 217 1460 qui
240 1378 317 1443 satis
336 1377 501 1443 commode
518 1377 695 1459 decurrunt,
719 1378 777 1445 sed
800 1378 885 1459 quod
907 1378 939 1443 in
961 1379 1032 1463 ipso
1055 1399 1203 1448 sermone
1225 1383 1315 1451 inue-

162 1480 245 1544 nitur
260 1498 318 1562 pro
334 1479 488 1544 concinna
502 1480 608 1545 Plauti
629 1486 793 1546 uenustate
816 1477 911 1546 modo
934 1486 1028 1547 tenue
1051 1480 1216 1564 quoddam
1240 1505 1315 1552 enn-

161 1579 305 1647 merandi
320 1599 421 1663 genus
435 1580 530 1646 modo
546 1579 699 1665 languida
709 1582 887 1647 uerbositas
902 1581 934 1646 in
951 1581 1182 1666 comparando:
1202 1586 1317 1655 omitto

161 1682 194 1746 id
210 1701 345 1764 quoque,
368 1681 453 1762 quod
474 1681 504 1745 in
527 1682 648 1748 salibus
671 1681 750 1746 nihil
772 1683 856 1749 inest
871 1683 1091 1749 Plautinarum
1112 1683 1317 1773 facetiarum,

161 1783 256 1850 immo
274 1784 408 1867 languor
431 1782 560 1864 quidam
584 1790 616 1849 et
637 1783 737 1866 frigus
760 1783 902 1868 inprimis
925 1783 1071 1851 uersibus
1093 1787 1217 1871 939sq.
1243 1808 1316 1856 con·

160 1886 318 1971 spicuam,
349 1888 424 1953 licet
445 1887 544 1952 multo
575 1885 669 1953 etiam
700 1892 863 1968 praestent
891 1887 1018 1952 illorum
1048 1904 1127 1968 quos
1157 1891 1316 1957 cancellis

160 1988 344 2054 inclusimus
366 1987 554 2054 insulsitati:
577 1988 679 2071 ipsum
703 1991 976 2066 argumentum
998 1989 1091 2054 huius
1111 1989 1176 2056 loci
1196 2011 1216 2056 a
1240 1992 1315 2060 reli-

161 2090 215 2169 qui
238 2089 352 2156 cantici
374 2088 482 2154 indole
505 2108 542 2154 ac
565 2087 794 2171 compositione
817 2088 1002 2170 longissime
1024 2091 1125 2156 abest.

245 2191 385 2271 Etenim,
409 2191 435 2255 si
459 2189 535 2270 quid
558 2189 669 2271 uideo,
695 2193 750 2253 aut
772 2189 868 2256 totius
891 2192 1137 2275 comparationis
1159 2198 1315 2261 constans

158 2291 240 2357 ratio
263 2293 351 2357 nulla
373 2298 435 2373 est,
465 2297 536 2372 aut,
567 2288 724 2372 siquidem
746 2289 781 2355 id
803 2291 969 2357 consilium
995 2292 1109 2358 inierat
1138 2299 1256 2379 poeta,
1282 2302 1315 2361 ut

159 2411 222 2456 una
245 2391 392 2476 Chrysali
413 2412 550 2476 persona
572 2390 854 2472 comprehenderet
877 2391 1033 2476 quidquid
1062 2400 1147 2460 esset
1169 2396 1313 2464 Achaeis

160 2493 229 2576 opis
245 2513 284 2558 ac
298 2493 430 2575 roboris,
455 2491 610 2574 quidquid
625 2490 763 2558 inuictae
779 2496 994 2574 praestantiae
1009 2515 1047 2560 ac
1065 2495 1191 2561 uirtutis
1213 2499 1312 2564 claris

158 2594 352 2661 facinoribus
375 2594 591 2661 enitescentis:
620 2612 671 2658 res
693 2595 763 2660 sola
785 2595 961 2678 spectanda
986 2595 1135 2678 omnique
1163 2599 1310 2681 appella·

159 2696 244 2761 tione
268 2717 285 2762 e
308 2697 441 2779 singulis
463 2696 656 2763 Graecorum
680 2695 828 2761 heroibus
850 2701 953 2763 tracta
975 2696 1198 2763 abstinendum
1222 2708 1308 2783 erat,

157 2818 261 2879 neque
276 2819 328 2865 ars
343 2797 542 2879 admittebat,
566 2803 600 2863 ut
615 2798 652 2881 is,
677 2797 726 2862 eui
743 2799 796 2861 uni
818 2803 850 2863 et
866 2797 1003 2863 Palladii
1025 2806 1136 2883 raptus
1158 2805 1190 2865 et
1204 2801 1310 2868 Troili

158 2901 273 2966 caedes
288 2906 321 2966 et
339 2900 436 2966 totius
459 2900 570 2984 oppidi
585 2898 710 2965 obsidio
733 2903 830 2979 atque
852 2901 1048 2983 expugnatio
1070 2901 1188 2966 tributa
1210 2908 1308 2986 esset,

156 3002 335 3068 intermisso
358 3000 515 3066 interdum
539 3000 682 3084 generali
704 3000 760 3065 illo
784 3000 990 3084 comparandi
1011 3021 1128 3086 genere
1154 3001 1212 3066 sub
1242 3004 1307 3068 sin·

156 3103 259 3185 gulari
281 3109 335 3168 aut
354 3103 459 3168 Ulixis
482 3108 538 3168 aut
552 3101 801 3186 Agamemnonis
824 3108 887 3182 aut,
911 3102 939 3167 si
962 3101 1011 3167 dis
1032 3104 1147 3187 placet,
1170 3102 1309 3171 Achillis

157 3201 289 3288 (quippe
311 3204 366 3285 qui
391 3203 589 3288 oppressisse
616 3202 761 3287 proditur
783 3202 940 3286 Troilum)
970 3204 1110 3283 imagine
1138 3203 1306 3290 intellege

150 3290 249 3372 retur.
284 3306 372 3370 Nihil
388 3313 495 3371 tamen
517 3303 723 3388 impediebat,
747 3304 915 3386 quominus
932 3306 1106 3371 Nicobulus
1127 3304 1308 3372 ludibunde

156 3428 196 3473 ex
212 3408 338 3474 Priamo
362 3423 537 3485 aurumque
559 3406 627 3470 eius
651 3426 691 3470 ex
710 3406 768 3472 llio
792 3426 906 3472 nomen
927 3407 1094 3473 inueniret.
1130 3407 1177 3473 llo
1200 3408 1307 3490 magis

155 3508 305 3575 uidelicet
319 3507 495 3572 imitatores
510 3525 561 3572 res
576 3505 648 3590 ipsa
661 3508 829 3589 inuitabat,
853 3511 887 3574 ut
907 3509 1074 3574 materiam
1096 3508 1186 3573 illam
1207 3509 1307 3576 latins

155 3608 290 3676 dicendo
312 3615 588 3692 prosequerentur,
614 3629 685 3675 cum
707 3611 840 3675 Plautus
863 3611 981 3694 primas
1004 3608 1100 3676 modo
1121 3610 1224 3676 lineas
1248 3611 1306 3677 du-

154 3711 242 3777 xisse
261 3710 437 3775 uideretur:
461 3729 481 3774 a
501 3730 648 3776 uersuum
671 3714 732 3775 933
749 3718 781 3778 et
796 3714 856 3776 973
881 3712 976 3794 igitur
998 3712 1146 3796 exemplo
1168 3714 1308 3794 proiecti

241 3863 265 3925 1)
282 3858 380 3914 Similis
392 3860 431 3913 rei
443 3860 610 3915 luculentum
622 3862 773 3928 exemplum
790 3861 870 3929 idque
889 3863 923 3916 ab
942 3861 1080 3916 acerrimis
1098 3862 1195 3915 harum
1212 3877 1308 3918 rerum

154 3934 261 3998 arbitris
273 3943 417 4012 probatum
429 3947 595 4000 subditiuum
607 3945 691 4000 habes
701 3946 819 4000 Andriae
832 3946 1009 4001 Terentianae
1021 3947 1122 4000 exitum
1136 3945 1189 4014 qui,
1208 3962 1306 4015 quam·

154 4028 197 4081 uis
215 4031 346 4095 uetustus,
364 4030 392 4084 in
410 4030 551 4086 deterioris
571 4035 676 4084 tantum
694 4035 775 4084 notae
794 4029 869 4085 libris
888 4031 1012 4086 traditur.
