2940 5144
239 333 280 396 98
639 335 816 390 Gualtharius
835 334 1007 390 Brachmann

328 506 453 573 Deinde
476 507 700 593 grammaticos
722 505 875 572 credibile
897 512 945 572 est
966 506 1025 572 has
1047 506 1190 589 singulas
1217 505 1400 573 sententias

240 630 282 675 ex
305 608 378 675 aliis
400 609 517 676 fabulis
539 609 647 675 nescio
671 609 786 688 quibus
808 607 926 693 petitas
949 607 1167 690 exemplorum
1197 607 1300 674 instar
1324 628 1396 675 con·

239 709 396 793 tulisse¹):

341 823 539 880 Mdliiactorem
557 825 643 879 amitti
662 826 767 889 satiust,
787 828 867 894 qnam
886 823 1002 893 relinqui
1020 823 1172 879 benificum.
1192 855 1224 863 -
1346 830 1394 880 395

343 891 420 965 illum
438 910 589 965 laudabunt
605 909 684 985 bonis
702 909 774 963 huuc
793 909 874 963 etiam
892 907 945 977 ipsi
963 909 1111 977 culpabunt
1128 910 1200 963 mali.
1220 940 1253 947 -
1346 914 1393 964 391

341 992 413 1050 (1100
432 995 469 1049 010
488 999 515 1049 te
534 992 661 1063 superare
681 1009 786 1048 seruom
805 994 866 1048 siris
884 992 1011 1047 faciundo
1029 993 1107 1047 bene.
1125 1024 1158 1032 -
1344 999 1394 1049 402

305 1104 612 1217 Μηὲξῦῗο1011100101001
630 1169 759 1212 111100ὴο1100
778 1171 853 1222 opusc.
870 1168 890 1209 11
901 1169 980 1221 pudet.
1011 1169 1122 1210 rnalclect.
1141 1169 1200 1218 libri,
1220 1170 1299 1212 editt:
1318 1182 1394 1213 couse-

306 1250 372 1291 00000
390 1243 437 1279 erut
456 1238 523 1280 etium
540 1237 659 1280 0001110010
677 1237 770 1279 scribere
786 1249 827 1290 pro
846 1236 918 1280 benai.
943 1231 947 1297 Ι
973 1233 1031 1284 397.
1050 1237 1111 1278 illum
1203 1237 1246 1280 hoc
1264 1249 1315 1280 cum
1333 1239 1397 1281 libris

308 1307 379 1347 ilcrm.
398 1304 451 1346 iliud
463 1337 468 1348 .
480 1335 485 1345 .
496 1334 501 1346 .
514 1336 519 1347 .
530 1306 572 1348 hoc
590 1306 637 1348 Uss.

281 1419 366 1484 Nam
390 1436 472 1498 quae
495 1423 615 1483 restant

342 1533 442 1600 Iustus,
461 1532 590 1587 iniustus:
610 1533 752 1600 malignus,
771 1534 876 1600 largus:
896 1533 1060 1598 commodus,
1078 1533 1272 1599 incommodus,
1344 1541 1394 1590 101

239 1654 450 1720 certissimum
467 1653 608 1720 estnihil
624 1653 712 1719 aliud
731 1673 801 1720 esse
825 1672 921 1735 quam
943 1654 1137 1720 inconditam
1159 1654 1396 1735 glossematum

239 1757 381 1838 turbam,
412 1775 508 1837 quam
531 1754 703 1822 adsciucrit
724 1775 834 1821 uersus
857 1759 918 1819 400
943 1756 1044 1821 altera
1073 1775 1164 1839 pars;
1195 1775 1397 1840 operamque

237 1858 444 1941 perdiderunt
461 1878 513 1923 me
536 1855 652 1936 iudice,
676 1857 731 1936 qui
752 1855 827 1921 huic
848 1856 955 1922 uersui
978 1847 1110 1941 ἀμέτρῳ
1133 1875 1317 1925 succurrere
1343 1879 1395 1925 co-

238 1961 305 2041 nati
327 1958 443 2040 consp.

322 2060 490 2150 Audacula
513 2059 674 2126 uidebitur
695 2058 759 2125 ista
780 2057 861 2124 ratio
890 2056 1130 2143 difficultatum,
1156 2077 1239 2141 quac
1270 2061 1395 2126 multae

237 2164 379 2246 00110000
401 2182 516 2246 graues
538 2163 645 2227 insunt
670 2161 703 2225 in
732 2158 792 2226 hoc
820 2161 906 2242 loco,
937 2159 1218 2244 expediendarum.
1263 2161 1307 2226 At
1338 2163 1395 2227 uix

237 2283 317 2348 opus
340 2269 388 2331 est
410 2262 536 2329 disertis
559 2261 665 2329 uerbis
688 2261 851 2327 declarare
873 2281 938 2327 non
960 2268 1080 2327 certam
1105 2261 1188 2327 hanc
1216 2280 1288 2328 esse
1319 2282 1392 2330 cou-

238 2367 402 2446 iecturam,
425 2364 482 2431 sed
497 2363 710 2449 suspicionem
728 2361 822 2427 ualde
837 2361 978 2429 dubiam.
1016 2363 1092 2429 Fert
1112 2363 1196 2428 enim
1218 2361 1394 2448 11010100-

328 2552 349 2611 t)
367 2546 462 2614 Neque
480 2546 550 2600 enim
568 2546 596 2599 iu
614 2549 691 2599 tanta
709 2550 830 2599 ueterum
848 2544 1003 2600 fabularum
1024 2547 1131 2600 iactura
1153 2546 1327 2600 saeculorum
1347 2547 1392 2600 de-

239 2646 320 2684 cursu
334 2633 474 2685 contracta
488 2630 660 2685 coniecturae
671 2630 718 2696 illi,
738 2645 807 2698 quae
821 2634 928 2683 constat
940 2630 1062 2683 locorum
1075 2631 1267 2698 parallelorum
1283 2628 1391 2701 fraude,

239 2731 270 2769 eo
289 2715 436 2782 abrogatur
460 2715 541 2779 fides,
566 2716 640 2783 q'uod
663 2716 785 2784 saepius,
812 2731 891 2782 quam
915 2715 1105 2781 glossematum
1128 2714 1217 2769 fontes
1242 2713 1393 2770 etiamnum

238 2799 343 2855 ostendi
355 2804 477 2868 possunt,
490 2798 592 2869 pridem
603 2814 649 2853 eos
662 2799 808 2868 deperiisse
818 2799 942 2853 conicere
954 2802 1073 2867 oportet3
1088 2798 1123 2852 01.
1134 2797 1238 2852 Ritsch.
1248 2798 1354 2868 Opusc.
1366 2800 1393 2853 11

237 2900 263 2952 p.
284 2888 341 2938 180.
378 2883 502 2937 Ceterum
525 2898 635 2936 causam
657 2900 712 2938 non
732 2884 811 2938 uideo
836 2900 884 2938 cur
907 2883 936 2936 in
959 2882 1012 2937 hoc
1034 2898 1131 2951 genere
1154 2883 1224 2937 inter
1247 2883 1392 2940 Plautinas

236 2967 344 3022 tabulas
362 2967 562 3022 consistendum
581 2968 617 3022 sit
634 2983 698 3033 nec,
723 2968 853 3037 siquidem
872 2968 904 3021 de
921 2968 1102 3022 litteratorum
1119 2967 1259 3022 hominum
1281 2967 1393 3023 lusibus

238 3053 393 3120 cogitamus,
413 3052 522 3107 credere
533 3050 615 3105 liceat
627 3052 671 3105 uel
689 3052 724 3105 ad
741 3053 814 3121 ipsos
828 3053 1008 3106 Menandreos
1027 3053 1198 3120 reliquosque
1215 3067 1306 3106 nouae
1319 3054 1391 3108 Atti·

238 3152 330 3190 corum
350 3136 501 3190 comoediae
519 3136 662 3189 thesauros
681 3151 727 3189 eos
745 3137 851 3190 adiisse.
886 3135 986 3190 Contra
1004 3137 1075 3204 quod
1092 3152 1126 3190 00
1147 3135 1308 3192 inferiorum
1332 3139 1391 3206 qui·

238 3220 298 3275 dem
315 3225 434 3274 aetatum
452 3219 581 3272 tarditate
600 3219 774 3273 consenuisse
792 3219 900 3272 uidetur
917 3220 1036 3273 studium
1054 3220 1203 3274 sententias
1226 3221 1391 3290 conligendi,

237 3310 332 3359 notum
350 3313 392 3358 est
409 3303 519 3358 Publilii
536 3303 596 3372 Syri
614 3318 682 3371 quae
700 3303 826 3356 feruutur
843 3305 1036 3359 sententiarum
1054 3305 1210 3373 exemplum.

322 3393 347 3453 1)
366 3389 407 3442 De
431 3387 541 3456 Bergkii
562 3386 711 3450 sententia,
736 3388 781 3455 qui
805 3387 901 3442 Philol.
921 3389 1124 3458 0111111053
1144 3388 1249 3444 Veteris
1273 3391 1392 3458 primam

235 3489 344 3526 manum
363 3475 471 3525 secutus
489 3471 652 3524 adiectiuum
670 3470 803 3538 quoddam
823 3473 998 3541 compositum
1017 3473 1262 3527 eomiocommodus
1279 3475 1392 3530 confor-

236 3556 329 3622 mauit,
346 3554 551 3623 inspiciendum,
570 3555 640 3622 quod
651 3554 722 3608 idem
735 3556 770 3609 ad
781 3573 808 3609 0.
820 3559 866 3610 381
888 3557 921 3610 00
932 3558 1103 3625 reprobanda
1113 3556 1200 3611 forma
1216 3559 1394 3631 0001010011

237 3640 305 3694 dixit
316 3639 412 3692 Diurn.
423 3638 505 3705 antiq.
515 3639 585 3692 stud.
596 3654 620 3693 a.
633 3642 696 3692 1850
711 3655 738 3707 p.
749 3644 807 3693 332.
835 3639 946 3694 Reiecta
958 3641 1005 3694 illa
1020 3642 1175 3697 coniectura
1187 3643 1215 3696 S.
1225 3643 1348 3710 Buggius
1362 3645 1393 3700 in

237 3723 373 3792 Tidsltrist
387 3723 437 3792 for
447 3721 587 3794 Pttloloqt
599 3741 634 3793 00
645 3723 727 3778 Pacci.
747 3724 863 3788 01110.
877 3727 951 3789 1865)
968 3742 994 3793 p.
1011 3731 1021 3778 1
1034 3743 1073 3794 sq.
1091 3729 1183 3792 comis,
1202 3729 1393 3784 incommodus

236 3807 352 3876 scripsit,
375 3805 510 3860 rationum
528 3809 698 3862 metricarum
716 3824 811 3878 parum
829 3825 938 3874 memor,
957 3825 1024 3876 quas
1042 3810 1208 3866 Ritsehelius
1225 3812 1313 3879 prael.
1331 3813 1391 3889 0111.

236 3893 311 3946 Glor.
329 3907 354 3959 0.
368 3890 446 3945 XXII
464 3893 509 3958 (cf.
527 3893 688 3947 Muellerum
706 3893 838 3948 Addenda
856 3894 932 3948 Pros.
951 3893 1039 3948 Plaut.
1059 3911 1085 3963 p.
1105 3900 1133 3948 12
1144 3901 1211 3965 sqq.)
1235 3899 1391 3964 proposuit.

238 3975 331 4039 tristis,
351 3977 507 4031 commodos
524 3978 655 4047 praebent
674 3977 748 4032 editt.
781 3979 852 4031 Num
870 3978 1012 4033 Plautinus
1031 3979 1067 4032 sit
1084 3995 1180 4033 uersus
1198 3979 1308 4034 dubitat
1324 3981 1392 4037 Usa.

234 4061 260 4112 Α
277 4060 445 4128 glossematis
464 4079 519 4116 non
537 4063 652 4116 liberum
671 4077 730 4116 esse
748 4063 850 4131 primns
871 4064 941 4116 uidit
959 4064 1081 4132 Guyetus
1099 4069 1137 4131 (u.
1148 4063 1252 4118 Ritsch.
1264 4065 1329 4130 ed).
