2940 5144
207 313 267 374 104
596 315 772 370 Gualtharius
790 315 962 371 Brachmann

206 486 305 552 tinam
328 491 561 567 tractauerunt,
585 493 640 552 aut
662 487 723 553 hoc
745 487 815 553 loco
837 486 983 569 geminos
1005 486 1070 568 legi
1092 506 1204 553 uersus
1226 489 1358 555 omnino

205 609 268 655 non
285 593 458 669 senserunt,
481 593 536 653 aut
552 589 694 655 consulto
714 607 827 654 manus
850 608 870 652 a
891 588 1037 654 uersibus
1060 588 1260 674 expellendis
1281 590 1357 656 ahs·
1469 609 1470 616 ¹

205 691 342 756 timentes
354 690 432 757 satis
448 690 626 756 habuerunt
640 689 854 772 antisigmatis
868 695 945 757 nota
960 709 1015 757 eos
1035 690 1239 773 distinguere.
1270 692 1357 758 Nam

204 811 244 857 ex
266 792 336 875 ipsa
357 791 547 873 antiquitate
569 790 761 875 repetendos
783 811 853 857 esse
875 812 905 857 u.
928 795 1109 856 937-940
1139 792 1194 857 uix
1216 810 1354 874 negaue

203 893 260 959 rim
274 895 312 975 ¹):
336 912 529 974 quamquam
552 893 593 958 ab
616 892 686 976 ipso
704 894 816 958 Plauto
834 892 1027 976 compositos
1050 913 1120 960 esse
1142 895 1195 960 uel
1218 895 1277 960 hos
1302 896 1356 962 uel

203 995 377 1077 quemlibet
400 1015 524 1077 eorum,
548 1013 627 1076 quos
651 994 809 1077 expressi,
840 1014 921 1077 nego
945 1013 1041 1076 quam
1064 996 1210 1061 maxime.
1255 994 1355 1063 Cuius

202 1097 249 1162 rei
271 1102 458 1179 argumenta
480 1098 544 1160 iam
567 1096 718 1180 aperiam.
755 1094 884 1177 Omitto,
908 1096 993 1177 quod
1008 1114 1112 1177 neque
1129 1086 1355 1165 uuss937-40.

204 1200 372 1261 alo-952
395 1215 498 1277 neque
522 1197 652 1261 alterius
674 1195 868 1262 recensionis
894 1216 945 1262 uu.
968 1200 1115 1262 961-65
1140 1198 1278 1264 Plautini
1307 1200 1354 1264 in-

202 1298 288 1381 genii
304 1298 474 1364 ostendunt
489 1298 638 1381 uestigia;
662 1297 696 1360 id
713 1297 799 1378 quod
814 1318 876 1363 non
900 1297 940 1363 de
963 1299 1102 1364 numeris
1125 1298 1244 1365 dictum
1266 1303 1354 1383 uolo,

203 1399 257 1481 qui
280 1399 358 1464 satis
378 1397 543 1464 commode
559 1398 736 1480 decurrunt,
760 1398 817 1465 sed
841 1399 926 1479 quod
948 1400 980 1464 in
1003 1399 1074 1483 ipso
1097 1420 1241 1468 sermone
1262 1402 1353 1469 inue-

203 1501 286 1566 nitur
301 1521 358 1584 pro
375 1500 529 1565 concinna
545 1500 650 1566 Plauti
670 1506 834 1566 uenustate
858 1498 952 1566 modo
975 1506 1069 1567 tenue
1092 1501 1254 1584 quoddam
1277 1524 1352 1571 enu-

202 1602 346 1669 merandi
361 1620 462 1685 genus
477 1601 571 1667 modo
587 1600 740 1685 languida
751 1603 928 1667 uerbositas
943 1602 976 1666 in
992 1602 1221 1686 comparando:
1240 1605 1354 1674 omitto

202 1704 234 1769 id
252 1722 386 1786 quoque,
409 1703 495 1784 quod
514 1703 545 1766 in
568 1703 689 1768 salibus
712 1702 791 1768 nihil
814 1703 897 1769 inest
912 1704 1131 1770 Plautinarum
1154 1704 1354 1792 facetiarum,

202 1805 297 1871 immo
315 1806 449 1888 languor
473 1803 601 1885 quidam
625 1809 657 1870 et
679 1804 779 1887 frigus
801 1804 943 1888 inprimis
966 1804 1112 1871 uersibus
1135 1808 1196 1870 939
1208 1826 1254 1890 sq.
1279 1827 1353 1874 con·

201 1907 360 1992 spicuum,
390 1909 466 1974 licet
487 1909 585 1973 multo
616 1906 711 1974 etiam
742 1912 904 1988 praestent
931 1907 1059 1972 illorum
1090 1925 1169 1987 quos
1199 1909 1354 1975 cancellis

201 2008 385 2075 inclusimus
407 2008 596 2074 insulsitati:
618 2009 721 2092 ipsum
744 2013 1016 2087 argumentum
1039 2009 1133 2075 huius
1153 2009 1255 2075 locia
1278 2010 1353 2077 reli-

202 2110 256 2190 qui
279 2110 393 2176 cantici
415 2109 523 2175 indole
546 2129 583 2174 ac
606 2108 835 2191 compositione
858 2109 1043 2189 longissime
1065 2111 1166 2176 abest.

285 2211 426 2293 Etenim,
450 2211 477 2275 si
500 2210 577 2291 quid
599 2210 710 2292 uideo,
736 2215 791 2274 aut
812 2210 909 2275 totius
932 2212 1178 2296 comparationis
1200 2217 1353 2279 constans

199 2312 281 2377 ratio
304 2314 392 2378 nulla
414 2319 476 2394 est,
507 2318 577 2394 aut,
609 2309 765 2392 siquidem
788 2310 822 2375 id
844 2311 1010 2377 consilium
1037 2312 1151 2378 inierat
1180 2318 1292 2398 poeta,
1317 2321 1354 2380 ut

199 2432 263 2478 una
286 2413 433 2497 Chrysali
454 2433 592 2497 persona
614 2410 896 2493 comprehenderet
918 2411 1074 2497 quidquid
1104 2420 1189 2481 esset
1210 2414 1352 2482 Achaeis

200 2514 270 2598 opis
286 2534 324 2579 ao
339 2515 471 2597 roboris,
496 2512 651 2594 quidquid
667 2511 804 2578 inuictae
819 2516 1035 2595 praestantiae
1050 2535 1089 2580 ao
1106 2516 1231 2582 uirtutis
1254 2516 1351 2584 claris
1389 2558 1392 2563 ,

199 2616 393 2681 facinoribus
417 2614 633 2681 enitescentis:
662 2632 712 2678 res
735 2615 804 2679 sola
826 2615 1002 2698 spectanda
1027 2616 1176 2698 omnique
1205 2618 1349 2701 appella·

200 2717 285 2782 tione
309 2738 326 2783 e
349 2717 483 2799 singulis
504 2717 697 2782 Graecorum
721 2716 870 2781 heroibus
892 2723 994 2782 tracta
1016 2717 1239 2783 abstinendum
1262 2726 1347 2803 erat;

199 2837 302 2899 neque
317 2839 369 2884 ars
384 2817 584 2899 admittebat,
607 2825 641 2882 ut
656 2818 693 2901 is,
718 2818 767 2882 cui
784 2819 837 2881 uni
860 2824 891 2883 et
908 2818 1045 2883 Palladii
1066 2826 1177 2903 raptus
1200 2826 1232 2885 et
1245 2821 1349 2887 Troili

199 2920 314 2986 caedes
329 2927 362 2985 et
381 2919 478 2985 totius
500 2919 611 3002 oppidi
626 2918 751 2985 obsidio
775 2925 871 2999 atque
894 2921 1089 3003 expugnatio
1111 2921 1229 2985 tributa
1252 2928 1347 3006 esset,

198 3021 377 3087 intermisso
400 3019 556 3085 interdum
581 3021 723 3103 generali
746 3021 801 3085 illo
826 3020 1031 3103 comparandi
1053 3041 1170 3105 genere
1196 3022 1254 3086 sub
1282 3023 1347 3087 sin·

197 3123 300 3205 gulari
322 3128 377 3187 aut
395 3122 500 3187 Ulixis
523 3128 579 3186 aut
594 3121 842 3204 Agamemnonis
865 3127 929 3203 aut,
953 3122 980 3186 si
1003 3120 1052 3188 dis
1074 3124 1189 3207 placet,
1212 3123 1349 3190 Achillis

198 3221 330 3307 (quippe
353 3223 408 3303 qui
433 3223 630 3306 oppressisse
658 3222 803 3306 proditur
825 3222 981 3306 Troilum)
1012 3224 1152 3302 imagine
1180 3224 1346 3309 intellege·

192 3312 290 3391 retur.
326 3325 414 3390 Nihil
430 3333 536 3390 tamen
558 3322 765 3407 impediebat,
788 3325 956 3404 quominus
973 3326 1147 3391 Nicobulus
1170 3324 1346 3392 ludibunde

197 3447 237 3493 ex
252 3428 379 3492 Priamo
403 3444 577 3506 aurumque
600 3426 668 3490 eius
692 3426 809 3491 exilio
833 3447 948 3492 nomen
969 3427 1135 3493 inueniret.
1172 3427 1218 3493 Eo
1241 3428 1346 3509 magis

196 3528 346 3594 uidelicet
360 3528 535 3593 imitatores
551 3546 602 3592 res
617 3527 689 3610 ipsa
703 3528 871 3609 inuitabat,
895 3532 929 3594 ut
948 3529 1116 3593 materiam
1137 3528 1227 3592 illam
1250 3529 1346 3596 latius

196 3628 331 3696 dicendo
353 3636 629 3713 prosequerentur,
656 3649 726 3694 cum
749 3630 882 3695 Plautus
904 3631 1022 3714 primas
1046 3630 1141 3696 modo
1163 3630 1265 3696 lineas
1287 3630 1345 3696 du-

195 3732 282 3799 xisse
302 3731 477 3797 uideretur:
501 3751 522 3794 a
543 3750 690 3796 uersuum
713 3733 774 3795 933
791 3737 822 3797 et
838 3734 898 3795 973
923 3732 1017 3814 igitur
1040 3732 1187 3816 exemplo
1209 3733 1347 3813 proiecti

282 3885 305 3947 l)
322 3880 421 3935 Similis
433 3882 471 3933 rei
484 3880 651 3934 luculentum
664 3882 815 3948 exemplum
832 3881 912 3950 idque
931 3882 964 3935 ab
984 3881 1122 3935 acerrimis
1140 3881 1236 3935 harum
1254 3897 1347 3937 rerum

194 3956 302 4020 arbitris
314 3964 459 4034 probatum
471 3966 637 4019 subditiuum
648 3965 733 4019 habes
743 3966 860 4019 Andriae
873 3966 1051 4021 Terentianae
1062 3967 1164 4020 exitum
1177 3965 1230 4034 qui,
1249 3981 1346 4034 quam-

195 4049 238 4102 uis
256 4052 388 4114 uetustus,
406 4050 434 4102 in
452 4049 593 4104 deterioris
613 4054 719 4103 tantum
736 4055 817 4103 notae
835 4049 910 4104 libris
930 4051 1053 4105 traditur.
