<?xml version="1.0" encoding="UTF-8"?>
<!DOCTYPE html PUBLIC "-//W3C//DTD XHTML 1.0 Transitional//EN"
    "http://www.w3.org/TR/xhtml1/DTD/xhtml1-transitional.dtd">
<html xmlns="http://www.w3.org/1999/xhtml" xml:lang="en" lang="en">
 <head>
  <title>
</title>
<meta http-equiv="Content-Type" content="text/html;charset=utf-8" />
  <meta name='ocr-system' content='tesseract 3.04.00' />
  <meta name='ocr-capabilities' content='ocr_page ocr_carea ocr_par ocr_line ocrx_word'/>
</head>
<body>
  <div class='ocr_page' id='page_1' title='image "./debacchidumplau01bracgoog_0058.png"; bbox 0 0 2940 5144; ppageno 0'>
   <div class='ocr_carea' id='block_1_1' title="bbox 363 741 1306 801">
    <p class='ocr_par' dir='ltr' id='par_1_1' title="bbox 363 741 1306 801">
     <span class='ocr_line' id='line_1_1' title="bbox 363 741 1306 801; baseline 0.003 -5"><span class='ocrx_word' id='word_1_1' title='bbox 363 744 404 797; x_wconf 90' lang='lat' dir='ltr'>De</span> <span class='ocrx_word' id='word_1_2' title='bbox 422 743 588 799; x_wconf 84' lang='lat' dir='ltr'>Bacchidum</span> <span class='ocrx_word' id='word_1_3' title='bbox 605 741 748 797; x_wconf 72' lang='lat' dir='ltr'>Plautinae</span> <span class='ocrx_word' id='word_1_4' title='bbox 764 742 957 797; x_wconf 72' lang='lat' dir='ltr'><strong>retractatione</strong></span> <span class='ocrx_word' id='word_1_5' title='bbox 974 745 1108 798; x_wconf 88' lang='lat' dir='ltr'>scaenica.</span> <span class='ocrx_word' id='word_1_6' title='bbox 1248 741 1306 801; x_wconf 83' lang='lat'>105</span> 
     </span>
    </p>
   </div>
   <div class='ocr_carea' id='block_1_2' title="bbox 157 912 1308 1199">
    <p class='ocr_par' dir='ltr' id='par_1_2' title="bbox 157 912 1308 1199">
     <span class='ocr_line' id='line_1_2' title="bbox 157 912 1308 998; baseline -0.002 -17"><span class='ocrx_word' id='word_1_7' title='bbox 157 913 314 998; x_wconf 87' lang='lat' dir='ltr'>quidquid</span> <span class='ocrx_word' id='word_1_8' title='bbox 338 934 378 979; x_wconf 85' lang='lat' dir='ltr'>cx</span> <span class='ocrx_word' id='word_1_9' title='bbox 402 913 519 979; x_wconf 84' lang='lat' dir='ltr'>fabulis</span> <span class='ocrx_word' id='word_1_10' title='bbox 535 912 683 979; x_wconf 78' lang='lat' dir='ltr'>Troianis</span> <span class='ocrx_word' id='word_1_11' title='bbox 709 912 944 992; x_wconf 91' lang='lat' dir='ltr'>quodammodo</span> <span class='ocrx_word' id='word_1_12' title='bbox 968 913 1000 979; x_wconf 94' lang='lat' dir='ltr'>in</span> <span class='ocrx_word' id='word_1_13' title='bbox 1023 914 1170 980; x_wconf 83' lang='lat' dir='ltr'>Nicobuli</span> <span class='ocrx_word' id='word_1_14' title='bbox 1194 914 1308 998; x_wconf 91' lang='lat' dir='ltr'>decep-</span> 
     </span>
     <span class='ocr_line' id='line_1_3' title="bbox 157 1013 1308 1104; baseline -0.002 -23"><span class='ocrx_word' id='word_1_15' title='bbox 157 1016 276 1083; x_wconf 78' lang='lat' dir='ltr'>tionem</span> <span class='ocrx_word' id='word_1_16' title='bbox 306 1014 474 1081; x_wconf 89' lang='lat' dir='ltr'>conuenire</span> <span class='ocrx_word' id='word_1_17' title='bbox 502 1013 664 1104; x_wconf 89' lang='lat' dir='ltr'>uideretur</span> <span class='ocrx_word' id='word_1_18' title='bbox 692 1013 735 1079; x_wconf 88' lang='lat' dir='ltr'>ad</span> <span class='ocrx_word' id='word_1_19' title='bbox 764 1013 981 1080; x_wconf 77' lang='lat' dir='ltr'>exornandam</span> <span class='ocrx_word' id='word_1_20' title='bbox 1012 1020 1045 1081; x_wconf 91' lang='lat' dir='ltr'>et</span> <span class='ocrx_word' id='word_1_21' title='bbox 1072 1014 1308 1100; x_wconf 84' lang='lat' dir='ltr'>expingendam</span> 
     </span>
     <span class='ocr_line' id='line_1_4' title="bbox 158 1113 1154 1199; baseline 0 -18"><span class='ocrx_word' id='word_1_22' title='bbox 158 1118 246 1182; x_wconf 88' lang='lat' dir='ltr'>illam</span> <span class='ocrx_word' id='word_1_23' title='bbox 269 1114 539 1199; x_wconf 77' lang='lat' dir='ltr'>comparationem</span> <span class='ocrx_word' id='word_1_24' title='bbox 561 1113 674 1199; x_wconf 89' lang='lat' dir='ltr'>putida</span> <span class='ocrx_word' id='word_1_25' title='bbox 696 1114 863 1198; x_wconf 82' lang='lat' dir='ltr'>diligentia</span> <span class='ocrx_word' id='word_1_26' title='bbox 885 1121 1111 1197; x_wconf 85' lang='lat' dir='ltr'>congesserunt</span> <span class='ocrx_word' id='word_1_27' title='bbox 1124 1116 1154 1199; x_wconf 87' lang='lat'>¹).</span> 
     </span>
    </p>
   </div>
   <div class='ocr_carea' id='block_1_3' title="bbox 121 1247 1309 3969">
    <p class='ocr_par' dir='ltr' id='par_1_3' title="bbox 121 1247 1309 2956">
     <span class='ocr_line' id='line_1_5' title="bbox 244 1247 1308 1337; baseline 0.006 -25"><span class='ocrx_word' id='word_1_28' title='bbox 244 1253 264 1331; x_wconf 62' lang='grc' dir='ltr'><strong>ξ</strong></span> <span class='ocrx_word' id='word_1_29' title='bbox 280 1253 329 1314; x_wconf 82' lang='lat'>25.</span> <span class='ocrx_word' id='word_1_30' title='bbox 367 1252 409 1315; x_wconf 91' lang='lat' dir='ltr'>At</span> <span class='ocrx_word' id='word_1_31' title='bbox 424 1260 500 1317; x_wconf 90' lang='lat' dir='ltr'>uero</span> <span class='ocrx_word' id='word_1_32' title='bbox 515 1269 625 1316; x_wconf 89' lang='lat' dir='ltr'>uersus</span> <span class='ocrx_word' id='word_1_33' title='bbox 640 1248 715 1337; x_wconf 84' lang='lat' dir='ltr'>illps</span> <span class='ocrx_word' id='word_1_34' title='bbox 737 1270 776 1315; x_wconf 90' lang='lat' dir='ltr'>ne</span> <span class='ocrx_word' id='word_1_35' title='bbox 799 1249 878 1315; x_wconf 86' lang='lat' dir='ltr'>satis</span> <span class='ocrx_word' id='word_1_36' title='bbox 900 1247 1101 1315; x_wconf 91' lang='lat' dir='ltr'>commodum</span> <span class='ocrx_word' id='word_1_37' title='bbox 1124 1250 1262 1331; x_wconf 51' lang='lat' dir='ltr'>quidem&gt;</span> <span class='ocrx_word' id='word_1_38' title='bbox 1275 1253 1308 1319; x_wconf 94' lang='lat' dir='ltr'>in</span> 
     </span>
     <span class='ocr_line' id='line_1_6' title="bbox 158 1349 1306 1435; baseline 0 -17"><span class='ocrx_word' id='word_1_39' title='bbox 158 1352 295 1435; x_wconf 86' lang='lat' dir='ltr'>genuino</span> <span class='ocrx_word' id='word_1_40' title='bbox 326 1352 448 1417; x_wconf 86' lang='lat' dir='ltr'>cantico</span> <span class='ocrx_word' id='word_1_41' title='bbox 470 1353 619 1418; x_wconf 90' lang='lat' dir='ltr'>Plautino</span> <span class='ocrx_word' id='word_1_42' title='bbox 647 1351 767 1417; x_wconf 89' lang='lat' dir='ltr'>habere</span> <span class='ocrx_word' id='word_1_43' title='bbox 795 1351 899 1418; x_wconf 86' lang='lat' dir='ltr'>locum</span> <span class='ocrx_word' id='word_1_44' title='bbox 928 1357 993 1415; x_wconf 91' lang='lat' dir='ltr'>tum</span> <span class='ocrx_word' id='word_1_45' title='bbox 1021 1349 1206 1435; x_wconf 82' lang='lat' dir='ltr'>intelleges,</span> <span class='ocrx_word' id='word_1_46' title='bbox 1235 1372 1306 1418; x_wconf 91' lang='lat' dir='ltr'>cum</span> 
     </span>
     <span class='ocr_line' id='line_1_7' title="bbox 159 1451 1309 1539; baseline -0.001 -19"><span class='ocrx_word' id='word_1_47' title='bbox 159 1454 323 1520; x_wconf 89' lang='lat' dir='ltr'>nobiscum</span> <span class='ocrx_word' id='word_1_48' title='bbox 338 1452 592 1539; x_wconf 85' lang='lat' dir='ltr'>inuestigaueris,</span> <span class='ocrx_word' id='word_1_49' title='bbox 616 1473 753 1537; x_wconf 90' lang='lat' dir='ltr'>quonam</span> <span class='ocrx_word' id='word_1_50' title='bbox 770 1452 946 1518; x_wconf 90' lang='lat' dir='ltr'>sententiae</span> <span class='ocrx_word' id='word_1_51' title='bbox 968 1451 1094 1518; x_wconf 90' lang='lat' dir='ltr'>uinculo</span> <span class='ocrx_word' id='word_1_52' title='bbox 1118 1453 1309 1520; x_wconf 81' lang='lat' dir='ltr'>cohaereant</span> 
     </span>
     <span class='ocr_line' id='line_1_8' title="bbox 157 1553 1308 1640; baseline 0.001 -19"><span class='ocrx_word' id='word_1_53' title='bbox 157 1557 302 1638; x_wconf 83' lang='lat' dir='ltr'>singulae</span> <span class='ocrx_word' id='word_1_54' title='bbox 329 1555 415 1620; x_wconf 91' lang='lat' dir='ltr'>illius</span> <span class='ocrx_word' id='word_1_55' title='bbox 445 1575 525 1638; x_wconf 89' lang='lat' dir='ltr'>quas</span> <span class='ocrx_word' id='word_1_56' title='bbox 553 1575 650 1640; x_wconf 85' lang='lat' dir='ltr'>supra</span> <span class='ocrx_word' id='word_1_57' title='bbox 680 1553 934 1621; x_wconf 87' lang='lat' dir='ltr'>enumerauimus</span> <span class='ocrx_word' id='word_1_58' title='bbox 963 1560 1087 1639; x_wconf 87' lang='lat' dir='ltr'>partes,</span> <span class='ocrx_word' id='word_1_59' title='bbox 1123 1556 1172 1621; x_wconf 89' lang='lat' dir='ltr'>uel</span> <span class='ocrx_word' id='word_1_60' title='bbox 1202 1555 1308 1637; x_wconf 91' lang='lat' dir='ltr'>potius</span> 
     </span>
     <span class='ocr_line' id='line_1_9' title="bbox 158 1655 1307 1742; baseline 0 -19"><span class='ocrx_word' id='word_1_61' title='bbox 158 1677 254 1740; x_wconf 84' lang='lat' dir='ltr'>quam</span> <span class='ocrx_word' id='word_1_62' title='bbox 269 1656 436 1742; x_wconf 86' lang='lat' dir='ltr'>probabile</span> <span class='ocrx_word' id='word_1_63' title='bbox 452 1657 493 1721; x_wconf 90' lang='lat' dir='ltr'>sit</span> <span class='ocrx_word' id='word_1_64' title='bbox 516 1677 557 1723; x_wconf 83' lang='lat' dir='ltr'>ex</span> <span class='ocrx_word' id='word_1_65' title='bbox 578 1664 694 1741; x_wconf 88' lang='lat' dir='ltr'>poetae</span> <span class='ocrx_word' id='word_1_66' title='bbox 717 1655 850 1722; x_wconf 89' lang='lat' dir='ltr'>oonsilio</span> <span class='ocrx_word' id='word_1_67' title='bbox 874 1656 949 1722; x_wconf 93' lang='lat' dir='ltr'>olim</span> <span class='ocrx_word' id='word_1_68' title='bbox 971 1656 1070 1723; x_wconf 86' lang='lat' dir='ltr'>fuisse</span> <span class='ocrx_word' id='word_1_69' title='bbox 1093 1677 1202 1723; x_wconf 91' lang='lat' dir='ltr'>eorum</span> <span class='ocrx_word' id='word_1_70' title='bbox 1225 1657 1307 1723; x_wconf 89' lang='lat' dir='ltr'>dis-</span> 
     </span>
     <span class='ocr_line' id='line_1_10' title="bbox 121 1757 1308 1843; baseline -0.002 -17"><span class='ocrx_word' id='word_1_71' title='bbox 121 1839 122 1843; x_wconf 9' lang='lat'><em>*</em></span> <span class='ocrx_word' id='word_1_72' title='bbox 157 1759 417 1843; x_wconf 88' lang='lat' dir='ltr'>positionem,</span> <span class='ocrx_word' id='word_1_73' title='bbox 449 1777 531 1838; x_wconf 90' lang='lat' dir='ltr'>quae</span> <span class='ocrx_word' id='word_1_74' title='bbox 553 1779 635 1825; x_wconf 93' lang='lat' dir='ltr'>nunc</span> <span class='ocrx_word' id='word_1_75' title='bbox 660 1762 837 1841; x_wconf 90' lang='lat' dir='ltr'>temporum</span> <span class='ocrx_word' id='word_1_76' title='bbox 867 1757 1035 1838; x_wconf 89' lang='lat' dir='ltr'>iniquitate</span> <span class='ocrx_word' id='word_1_77' title='bbox 1063 1760 1248 1843; x_wconf 89' lang='lat' dir='ltr'>perturbata</span> <span class='ocrx_word' id='word_1_78' title='bbox 1276 1766 1308 1825; x_wconf 89' lang='lat' dir='ltr'>et</span> 
     </span>
     <span class='ocr_line' id='line_1_11' title="bbox 156 1856 1307 1945; baseline 0 -20"><span class='ocrx_word' id='word_1_79' title='bbox 156 1860 320 1926; x_wconf 85' lang='lat' dir='ltr'>incondita</span> <span class='ocrx_word' id='word_1_80' title='bbox 334 1859 447 1924; x_wconf 90' lang='lat' dir='ltr'>iacent.</span> <span class='ocrx_word' id='word_1_81' title='bbox 484 1861 531 1924; x_wconf 90' lang='lat' dir='ltr'>Ac</span> <span class='ocrx_word' id='word_1_82' title='bbox 547 1856 643 1926; x_wconf 88' lang='lat' dir='ltr'>totius</span> <span class='ocrx_word' id='word_1_83' title='bbox 659 1859 904 1945; x_wconf 88' lang='lat' dir='ltr'>comparationis</span> <span class='ocrx_word' id='word_1_84' title='bbox 926 1860 1018 1940; x_wconf 88' lang='lat' dir='ltr'>quasi</span> <span class='ocrx_word' id='word_1_85' title='bbox 1041 1862 1203 1927; x_wconf 88' lang='lat' dir='ltr'>cardinem</span> <span class='ocrx_word' id='word_1_86' title='bbox 1227 1860 1307 1926; x_wconf 90' lang='lat' dir='ltr'>uerti</span> 
     </span>
     <span class='ocr_line' id='line_1_12' title="bbox 157 1960 1307 2047; baseline 0.003 -22"><span class='ocrx_word' id='word_1_87' title='bbox 157 1964 292 2045; x_wconf 89' lang='lat' dir='ltr'>apparet</span> <span class='ocrx_word' id='word_1_88' title='bbox 313 1960 346 2024; x_wconf 92' lang='lat' dir='ltr'>in</span> <span class='ocrx_word' id='word_1_89' title='bbox 370 1961 568 2027; x_wconf 89' lang='lat' dir='ltr'>enarratione</span> <span class='ocrx_word' id='word_1_90' title='bbox 589 1962 647 2027; x_wconf 92' lang='lat' dir='ltr'>illa</span> <span class='ocrx_word' id='word_1_91' title='bbox 668 1961 763 2028; x_wconf 90' lang='lat' dir='ltr'>trium</span> <span class='ocrx_word' id='word_1_92' title='bbox 779 1961 830 2024; x_wconf 92' lang='lat' dir='ltr'>Ilii</span> <span class='ocrx_word' id='word_1_93' title='bbox 851 1962 997 2027; x_wconf 87' lang='lat' dir='ltr'>fatorum.</span> <span class='ocrx_word' id='word_1_94' title='bbox 1035 1961 1174 2039; x_wconf 81' lang='lat' dir='ltr'>Quorum</span> <span class='ocrx_word' id='word_1_95' title='bbox 1196 1964 1307 2047; x_wconf 92' lang='lat' dir='ltr'>priori·</span> 
     </span>
     <span class='ocr_line' id='line_1_13' title="bbox 158 2059 1306 2146; baseline 0 -18"><span class='ocrx_word' id='word_1_96' title='bbox 158 2064 217 2128; x_wconf 89' lang='lat' dir='ltr'>bus</span> <span class='ocrx_word' id='word_1_97' title='bbox 240 2061 318 2143; x_wconf 92' lang='lat' dir='ltr'>quid</span> <span class='ocrx_word' id='word_1_98' title='bbox 339 2059 550 2146; x_wconf 79' lang='lat' dir='ltr'>significatum</span> <span class='ocrx_word' id='word_1_99' title='bbox 573 2063 668 2127; x_wconf 89' lang='lat' dir='ltr'>sitin</span> <span class='ocrx_word' id='word_1_100' title='bbox 690 2063 858 2146; x_wconf 88' lang='lat' dir='ltr'>propatulo</span> <span class='ocrx_word' id='word_1_101' title='bbox 887 2067 950 2127; x_wconf 88' lang='lat' dir='ltr'>eet:</span> <span class='ocrx_word' id='word_1_102' title='bbox 981 2063 1107 2129; x_wconf 88' lang='lat' dir='ltr'>tertium</span> <span class='ocrx_word' id='word_1_103' title='bbox 1136 2084 1198 2145; x_wconf 90' lang='lat' dir='ltr'>quo</span> <span class='ocrx_word' id='word_1_104' title='bbox 1227 2065 1306 2130; x_wconf 83' lang='lat' dir='ltr'>refe</span> 
     </span>
     <span class='ocr_line' id='line_1_14' title="bbox 157 2162 1308 2249; baseline 0.001 -20"><span class='ocrx_word' id='word_1_105' title='bbox 157 2170 246 2230; x_wconf 85' lang='lat' dir='ltr'>ratur</span> <span class='ocrx_word' id='word_1_106' title='bbox 275 2162 362 2228; x_wconf 91' lang='lat' dir='ltr'>haud</span> <span class='ocrx_word' id='word_1_107' title='bbox 391 2162 486 2228; x_wconf 87' lang='lat' dir='ltr'>facilc</span> <span class='ocrx_word' id='word_1_108' title='bbox 514 2163 658 2230; x_wconf 80' lang='lat' dir='ltr'>inuenies</span> <span class='ocrx_word' id='word_1_109' title='bbox 690 2163 779 2228; x_wconf 91' lang='lat' dir='ltr'>aliud</span> <span class='ocrx_word' id='word_1_110' title='bbox 812 2163 997 2243; x_wconf 88' lang='lat' dir='ltr'>quicquam,</span> <span class='ocrx_word' id='word_1_111' title='bbox 1031 2165 1094 2229; x_wconf 87' lang='lat' dir='ltr'>nisi</span> <span class='ocrx_word' id='word_1_112' title='bbox 1120 2164 1237 2249; x_wconf 86' lang='lat' dir='ltr'>respici</span> <span class='ocrx_word' id='word_1_113' title='bbox 1264 2165 1308 2230; x_wconf 91' lang='lat' dir='ltr'>ad</span> 
     </span>
     <span class='ocr_line' id='line_1_15' title="bbox 156 2263 1307 2349; baseline -0.003 -17"><span class='ocrx_word' id='word_1_114' title='bbox 156 2266 298 2348; x_wconf 82' lang='lat' dir='ltr'>ligneum</span> <span class='ocrx_word' id='word_1_115' title='bbox 321 2283 437 2344; x_wconf 90' lang='lat' dir='ltr'>equum</span> <span class='ocrx_word' id='word_1_116' title='bbox 460 2264 542 2329; x_wconf 92' lang='lat' dir='ltr'>intra</span> <span class='ocrx_word' id='word_1_117' title='bbox 564 2264 691 2330; x_wconf 89' lang='lat' dir='ltr'>moenia</span> <span class='ocrx_word' id='word_1_118' title='bbox 713 2263 855 2349; x_wconf 84' lang='lat' dir='ltr'>Troiana</span> <span class='ocrx_word' id='word_1_119' title='bbox 883 2263 1108 2330; x_wconf 84' lang='lat' dir='ltr'>inuehendum.</span> <span class='ocrx_word' id='word_1_120' title='bbox 1151 2265 1307 2344; x_wconf 80' lang='lat' dir='ltr'>Quicum</span> 
     </span>
     <span class='ocr_line' id='line_1_16' title="bbox 157 2363 1307 2450; baseline 0.001 -19"><span class='ocrx_word' id='word_1_121' title='bbox 157 2368 313 2446; x_wconf 83' lang='lat' dir='ltr'>immensa</span> <span class='ocrx_word' id='word_1_122' title='bbox 335 2365 502 2430; x_wconf 89' lang='lat' dir='ltr'>altitudine</span> <span class='ocrx_word' id='word_1_123' title='bbox 524 2372 633 2450; x_wconf 88' lang='lat' dir='ltr'>portas</span> <span class='ocrx_word' id='word_1_124' title='bbox 655 2364 765 2449; x_wconf 89' lang='lat' dir='ltr'>oppidi</span> <span class='ocrx_word' id='word_1_125' title='bbox 791 2363 886 2446; x_wconf 84' lang='lat' dir='ltr'>longe</span> <span class='ocrx_word' id='word_1_126' title='bbox 915 2372 1096 2449; x_wconf 89' lang='lat' dir='ltr'>superaret,</span> <span class='ocrx_word' id='word_1_127' title='bbox 1126 2368 1213 2432; x_wconf 91' lang='lat' dir='ltr'>nullo</span> <span class='ocrx_word' id='word_1_128' title='bbox 1243 2367 1307 2433; x_wconf 89' lang='lat' dir='ltr'>alio</span> 
     </span>
     <span class='ocr_line' id='line_1_17' title="bbox 158 2465 1307 2553; baseline 0.001 -20"><span class='ocrx_word' id='word_1_129' title='bbox 158 2468 252 2533; x_wconf 92' lang='lat' dir='ltr'>modo</span> <span class='ocrx_word' id='word_1_130' title='bbox 268 2467 302 2532; x_wconf 91' lang='lat' dir='ltr'>in</span> <span class='ocrx_word' id='word_1_131' title='bbox 317 2486 389 2532; x_wconf 88' lang='lat' dir='ltr'>arce</span> <span class='ocrx_word' id='word_1_132' title='bbox 405 2465 564 2531; x_wconf 90' lang='lat' dir='ltr'>conlocari</span> <span class='ocrx_word' id='word_1_133' title='bbox 580 2473 707 2551; x_wconf 91' lang='lat' dir='ltr'>poterat</span> <span class='ocrx_word' id='word_1_134' title='bbox 728 2466 792 2531; x_wconf 91' lang='lat' dir='ltr'>nisi</span> <span class='ocrx_word' id='word_1_135' title='bbox 814 2465 919 2531; x_wconf 87' lang='lat' dir='ltr'>diruta</span> <span class='ocrx_word' id='word_1_136' title='bbox 941 2467 1103 2550; x_wconf 84' lang='lat' dir='ltr'>superiore</span> <span class='ocrx_word' id='word_1_137' title='bbox 1125 2474 1216 2553; x_wconf 92' lang='lat' dir='ltr'>parte</span> <span class='ocrx_word' id='word_1_138' title='bbox 1240 2468 1307 2534; x_wconf 92' lang='lat' dir='ltr'>eius</span> 
     </span>
     <span class='ocr_line' id='line_1_18' title="bbox 158 2566 1307 2652; baseline 0 -18"><span class='ocrx_word' id='word_1_139' title='bbox 158 2590 214 2652; x_wconf 92' lang='lat' dir='ltr'>per</span> <span class='ocrx_word' id='word_1_140' title='bbox 237 2588 333 2649; x_wconf 89' lang='lat' dir='ltr'>quam</span> <span class='ocrx_word' id='word_1_141' title='bbox 354 2566 500 2632; x_wconf 87' lang='lat' dir='ltr'>introitus</span> <span class='ocrx_word' id='word_1_142' title='bbox 521 2566 590 2633; x_wconf 86' lang='lat' dir='ltr'>fieri</span> <span class='ocrx_word' id='word_1_143' title='bbox 613 2567 753 2634; x_wconf 88' lang='lat' dir='ltr'>debebat</span> <span class='ocrx_word' id='word_1_144' title='bbox 774 2574 886 2652; x_wconf 91' lang='lat' dir='ltr'>portae</span> <span class='ocrx_word' id='word_1_145' title='bbox 896 2568 932 2648; x_wconf 69' lang='grc'>2).</span> <span class='ocrx_word' id='word_1_146' title='bbox 967 2569 1176 2649; x_wconf 87' lang='lat' dir='ltr'>Apertissime</span> <span class='ocrx_word' id='word_1_147' title='bbox 1199 2575 1307 2634; x_wconf 91' lang='lat' dir='ltr'>autem</span> 
     </span>
     <span class='ocr_line' id='line_1_19' title="bbox 157 2666 1306 2753; baseline 0.003 -19"><span class='ocrx_word' id='word_1_148' title='bbox 157 2672 261 2753; x_wconf 92' lang='lat' dir='ltr'>ipsum</span> <span class='ocrx_word' id='word_1_149' title='bbox 283 2671 431 2734; x_wconf 91' lang='lat' dir='ltr'>Plautum</span> <span class='ocrx_word' id='word_1_150' title='bbox 454 2666 514 2735; x_wconf 90' lang='lat' dir='ltr'>hoe</span> <span class='ocrx_word' id='word_1_151' title='bbox 537 2670 606 2735; x_wconf 92' lang='lat' dir='ltr'>loco</span> <span class='ocrx_word' id='word_1_152' title='bbox 629 2668 671 2734; x_wconf 91' lang='lat' dir='ltr'>ad</span> <span class='ocrx_word' id='word_1_153' title='bbox 694 2687 810 2749; x_wconf 89' lang='lat' dir='ltr'>equum</span> <span class='ocrx_word' id='word_1_154' title='bbox 826 2669 998 2735; x_wconf 84' lang='lat' dir='ltr'>Troianum</span> <span class='ocrx_word' id='word_1_155' title='bbox 1021 2670 1179 2753; x_wconf 88' lang='lat' dir='ltr'>respicere</span> <span class='ocrx_word' id='word_1_156' title='bbox 1202 2679 1306 2738; x_wconf 89' lang='lat' dir='ltr'>osten·</span> 
     </span>
     <span class='ocr_line' id='line_1_20' title="bbox 156 2769 1306 2857; baseline 0.001 -23"><span class='ocrx_word' id='word_1_157' title='bbox 156 2771 235 2837; x_wconf 87' lang='lat' dir='ltr'>dunt</span> <span class='ocrx_word' id='word_1_158' title='bbox 257 2791 308 2836; x_wconf 90' lang='lat' dir='ltr'>uu.</span> <span class='ocrx_word' id='word_1_159' title='bbox 329 2773 466 2847; x_wconf 74' lang='lat' dir='ltr'>bersa:</span> <span class='ocrx_word' id='word_1_160' title='bbox 495 2769 589 2833; x_wconf 80' lang='lat' dir='ltr'>Nunc</span> <span class='ocrx_word' id='word_1_161' title='bbox 611 2770 759 2854; x_wconf 76' lang='lat' dir='ltr'>eriperem</span> <span class='ocrx_word' id='word_1_162' title='bbox 782 2769 874 2832; x_wconf 81' lang='lat' dir='ltr'>limen</span> <span class='ocrx_word' id='word_1_163' title='bbox 899 2771 1068 2844; x_wconf 73' lang='lat' dir='ltr'>accindatur,</span> <span class='ocrx_word' id='word_1_164' title='bbox 1097 2793 1178 2835; x_wconf 81' lang='lat' dir='ltr'>nunc</span> <span class='ocrx_word' id='word_1_165' title='bbox 1204 2773 1306 2857; x_wconf 73' lang='lat' dir='ltr'>prope</span> 
     </span>
     <span class='ocr_line' id='line_1_21' title="bbox 156 2848 1151 2956; baseline 0.002 -23"><span class='ocrx_word' id='word_1_166' title='bbox 156 2871 243 2934; x_wconf 74' lang='lat' dir='ltr'>adest</span> <span class='ocrx_word' id='word_1_167' title='bbox 268 2873 401 2933; x_wconf 71' lang='lat' dir='ltr'>exitium</span> <span class='ocrx_word' id='word_1_168' title='bbox 425 2848 502 2934; x_wconf 65' lang='lat' dir='ltr'>I&#39;lr&#39;or</span> <span class='ocrx_word' id='word_1_169' title='bbox 530 2871 647 2934; x_wconf 68' lang='lat' dir='ltr'>lorber</span> <span class='ocrx_word' id='word_1_170' title='bbox 667 2891 764 2956; x_wconf 81' lang='lat' dir='ltr'>equor</span> <span class='ocrx_word' id='word_1_171' title='bbox 786 2871 887 2955; x_wconf 79' lang='lat' dir='ltr'>lepide</span> <span class='ocrx_word' id='word_1_172' title='bbox 909 2872 1029 2952; x_wconf 60' lang='lat' dir='ltr'>lupaces</span> <span class='ocrx_word' id='word_1_173' title='bbox 1044 2921 1151 2935; x_wconf 87' lang='grc'><strong>.....</strong></span> 
     </span>
    </p>

    <p class='ocr_par' dir='ltr' id='par_1_4' title="bbox 153 2972 1306 3969">
     <span class='ocr_line' id='line_1_22' title="bbox 239 2972 1306 3060; baseline 0.004 -22"><span class='ocrx_word' id='word_1_174' title='bbox 239 2975 308 3039; x_wconf 91' lang='lat' dir='ltr'>Iam</span> <span class='ocrx_word' id='word_1_175' title='bbox 332 2972 380 3036; x_wconf 88' lang='lat' dir='ltr'>his</span> <span class='ocrx_word' id='word_1_176' title='bbox 403 2973 558 3040; x_wconf 86' lang='lat' dir='ltr'>absolutis</span> <span class='ocrx_word' id='word_1_177' title='bbox 582 2972 761 3056; x_wconf 88' lang='lat' dir='ltr'>uideamus,</span> <span class='ocrx_word' id='word_1_178' title='bbox 785 2972 944 3053; x_wconf 89' lang='lat' dir='ltr'>quomodo</span> <span class='ocrx_word' id='word_1_179' title='bbox 969 2975 1143 3059; x_wconf 83' lang='lat' dir='ltr'>Chrysalus</span> <span class='ocrx_word' id='word_1_180' title='bbox 1166 2976 1226 3040; x_wconf 90' lang='lat' dir='ltr'>tria</span> <span class='ocrx_word' id='word_1_181' title='bbox 1242 2976 1306 3060; x_wconf 29' lang='lat' dir='ltr'>,illa</span> 
     </span>
     <span class='ocr_line' id='line_1_23' title="bbox 154 3073 1305 3143; baseline 0.002 -3"><span class='ocrx_word' id='word_1_182' title='bbox 154 3076 222 3140; x_wconf 88' lang='lat' dir='ltr'>fata</span> <span class='ocrx_word' id='word_1_183' title='bbox 245 3074 385 3141; x_wconf 86' lang='lat' dir='ltr'>Troiana.</span> <span class='ocrx_word' id='word_1_184' title='bbox 407 3075 439 3139; x_wconf 93' lang='lat' dir='ltr'>in</span> <span class='ocrx_word' id='word_1_185' title='bbox 461 3075 583 3142; x_wconf 87' lang='lat' dir='ltr'>fraudis</span> <span class='ocrx_word' id='word_1_186' title='bbox 606 3094 684 3140; x_wconf 86' lang='lat' dir='ltr'>suae</span> <span class='ocrx_word' id='word_1_187' title='bbox 706 3073 948 3141; x_wconf 87' lang='lat' dir='ltr'>similitudinem</span> <span class='ocrx_word' id='word_1_188' title='bbox 971 3077 1150 3143; x_wconf 84' lang='lat' dir='ltr'>transferat.</span> <span class='ocrx_word' id='word_1_189' title='bbox 1191 3077 1305 3142; x_wconf 91' lang='lat' dir='ltr'>Mirum</span> 
     </span>
     <span class='ocr_line' id='line_1_24' title="bbox 153 3175 1305 3260; baseline 0.002 -19"><span class='ocrx_word' id='word_1_190' title='bbox 153 3175 306 3260; x_wconf 86' lang='lat' dir='ltr'>proiecto,</span> <span class='ocrx_word' id='word_1_191' title='bbox 329 3181 364 3240; x_wconf 91' lang='lat' dir='ltr'>ut</span> <span class='ocrx_word' id='word_1_192' title='bbox 379 3178 534 3260; x_wconf 89' lang='lat' dir='ltr'>propositi</span> <span class='ocrx_word' id='word_1_193' title='bbox 549 3176 654 3241; x_wconf 87' lang='lat' dir='ltr'>subito</span> <span class='ocrx_word' id='word_1_194' title='bbox 671 3176 787 3241; x_wconf 89' lang='lat' dir='ltr'>oblitus</span> <span class='ocrx_word' id='word_1_195' title='bbox 810 3180 873 3238; x_wconf 88' lang='lat' dir='ltr'>est:</span> <span class='ocrx_word' id='word_1_196' title='bbox 896 3197 969 3240; x_wconf 91' lang='lat' dir='ltr'>nam</span> <span class='ocrx_word' id='word_1_197' title='bbox 993 3179 1156 3243; x_wconf 90' lang='lat' dir='ltr'>tertium</span> <span class='ocrx_word' id='word_1_198' title='bbox 1179 3179 1305 3243; x_wconf 86' lang='lat' dir='ltr'>fatum</span> 
     </span>
     <span class='ocr_line' id='line_1_25' title="bbox 155 3278 1304 3360; baseline 0.001 -20"><span class='ocrx_word' id='word_1_199' title='bbox 155 3296 309 3359; x_wconf 87' lang='lat' dir='ltr'>nusquam</span> <span class='ocrx_word' id='word_1_200' title='bbox 333 3296 404 3341; x_wconf 89' lang='lat' dir='ltr'>eum</span> <span class='ocrx_word' id='word_1_201' title='bbox 428 3278 552 3360; x_wconf 86' lang='lat' dir='ltr'>reperio</span> <span class='ocrx_word' id='word_1_202' title='bbox 576 3278 608 3341; x_wconf 92' lang='lat' dir='ltr'>in</span> <span class='ocrx_word' id='word_1_203' title='bbox 638 3295 728 3341; x_wconf 90' lang='lat' dir='ltr'>suam</span> <span class='ocrx_word' id='word_1_204' title='bbox 757 3295 824 3341; x_wconf 91' lang='lat' dir='ltr'>rem</span> <span class='ocrx_word' id='word_1_205' title='bbox 853 3278 1109 3359; x_wconf 84' lang='lat' dir='ltr'>accommodare,</span> <span class='ocrx_word' id='word_1_206' title='bbox 1142 3297 1304 3344; x_wconf 88' lang='lat' dir='ltr'>enumera-</span> 
     </span>
     <span class='ocr_line' id='line_1_26' title="bbox 154 3375 1305 3460; baseline 0.002 -17"><span class='ocrx_word' id='word_1_207' title='bbox 154 3385 258 3443; x_wconf 91' lang='lat' dir='ltr'>turum</span> <span class='ocrx_word' id='word_1_208' title='bbox 282 3375 411 3459; x_wconf 91' lang='lat' dir='ltr'>quidem</span> <span class='ocrx_word' id='word_1_209' title='bbox 433 3398 463 3442; x_wconf 91' lang='lat' dir='ltr'>u.</span> <span class='ocrx_word' id='word_1_210' title='bbox 487 3380 548 3440; x_wconf 79' lang='lat'>956</span> <span class='ocrx_word' id='word_1_211' title='bbox 579 3377 657 3457; x_wconf 87' lang='lat' dir='ltr'>tria,</span> <span class='ocrx_word' id='word_1_212' title='bbox 686 3397 749 3442; x_wconf 92' lang='lat' dir='ltr'>non</span> <span class='ocrx_word' id='word_1_213' title='bbox 777 3376 839 3441; x_wconf 91' lang='lat' dir='ltr'>duo</span> <span class='ocrx_word' id='word_1_214' title='bbox 869 3379 973 3438; x_wconf 79' lang='lat' dir='ltr'>nostri</span> <span class='ocrx_word' id='word_1_215' title='bbox 992 3375 1049 3438; x_wconf 81' lang='lat' dir='ltr'>Ilii</span> <span class='ocrx_word' id='word_1_216' title='bbox 1074 3377 1148 3442; x_wconf 89' lang='lat' dir='ltr'>fata.</span> <span class='ocrx_word' id='word_1_217' title='bbox 1194 3380 1305 3460; x_wconf 87' lang='lat' dir='ltr'>Neque</span> 
     </span>
     <span class='ocr_line' id='line_1_27' title="bbox 155 3475 1306 3563; baseline 0.004 -20"><span class='ocrx_word' id='word_1_218' title='bbox 155 3479 239 3544; x_wconf 88' lang='lat' dir='ltr'>enim</span> <span class='ocrx_word' id='word_1_219' title='bbox 262 3480 341 3542; x_wconf 90' lang='lat' dir='ltr'>latet</span> <span class='ocrx_word' id='word_1_220' title='bbox 362 3475 443 3541; x_wconf 91' lang='lat' dir='ltr'>illud</span> <span class='ocrx_word' id='word_1_221' title='bbox 465 3478 497 3540; x_wconf 94' lang='lat' dir='ltr'>in</span> <span class='ocrx_word' id='word_1_222' title='bbox 519 3476 664 3542; x_wconf 87' lang='lat' dir='ltr'>uersibus</span> <span class='ocrx_word' id='word_1_223' title='bbox 688 3480 882 3542; x_wconf 73' lang='lat' dir='ltr'>boo—969:</span> <span class='ocrx_word' id='word_1_224' title='bbox 912 3476 966 3559; x_wconf 92' lang='lat' dir='ltr'>qui</span> <span class='ocrx_word' id='word_1_225' title='bbox 989 3498 1052 3543; x_wconf 92' lang='lat' dir='ltr'>non</span> <span class='ocrx_word' id='word_1_226' title='bbox 1080 3488 1213 3563; x_wconf 89' lang='lat' dir='ltr'>possunt</span> <span class='ocrx_word' id='word_1_227' title='bbox 1242 3503 1306 3548; x_wconf 88' lang='lat' dir='ltr'>una</span> 
     </span>
     <span class='ocr_line' id='line_1_28' title="bbox 155 3577 1304 3661; baseline 0.003 -17"><span class='ocrx_word' id='word_1_228' title='bbox 155 3599 227 3644; x_wconf 90' lang='lat' dir='ltr'>oum</span> <span class='ocrx_word' id='word_1_229' title='bbox 249 3598 287 3643; x_wconf 90' lang='lat' dir='ltr'>eo</span> <span class='ocrx_word' id='word_1_230' title='bbox 314 3577 369 3658; x_wconf 84' lang='lat' dir='ltr'>qui</span> <span class='ocrx_word' id='word_1_231' title='bbox 390 3577 554 3661; x_wconf 89' lang='lat' dir='ltr'>praecedit</span> <span class='ocrx_word' id='word_1_232' title='bbox 582 3578 706 3661; x_wconf 83' lang='lat' dir='ltr'>(eiectis</span> <span class='ocrx_word' id='word_1_233' title='bbox 728 3578 874 3644; x_wconf 92' lang='lat' dir='ltr'>nimirum</span> <span class='ocrx_word' id='word_1_234' title='bbox 898 3578 972 3660; x_wconf 87' lang='lat' dir='ltr'>illis,</span> <span class='ocrx_word' id='word_1_235' title='bbox 999 3596 1081 3660; x_wconf 88' lang='lat' dir='ltr'>quae</span> <span class='ocrx_word' id='word_1_236' title='bbox 1104 3581 1235 3647; x_wconf 89' lang='lat' dir='ltr'>inseruit</span> <span class='ocrx_word' id='word_1_237' title='bbox 1256 3604 1304 3648; x_wconf 91' lang='lat' dir='ltr'>re-</span> 
     </span>
     <span class='ocr_line' id='line_1_29' title="bbox 155 3678 1305 3767; baseline 0.003 -23"><span class='ocrx_word' id='word_1_238' title='bbox 155 3679 320 3762; x_wconf 90' lang='lat' dir='ltr'>tractator)</span> <span class='ocrx_word' id='word_1_239' title='bbox 342 3698 371 3743; x_wconf 88' lang='lat' dir='ltr'>u.</span> <span class='ocrx_word' id='word_1_240' title='bbox 388 3682 450 3743; x_wconf 83' lang='lat'>960</span> <span class='ocrx_word' id='word_1_241' title='bbox 474 3678 516 3743; x_wconf 89' lang='lat' dir='ltr'>ad</span> <span class='ocrx_word' id='word_1_242' title='bbox 539 3680 753 3745; x_wconf 89' lang='lat' dir='ltr'>secundum</span> <span class='ocrx_word' id='word_1_243' title='bbox 776 3683 875 3746; x_wconf 90' lang='lat' dir='ltr'>fatum</span> <span class='ocrx_word' id='word_1_244' title='bbox 898 3681 1016 3763; x_wconf 88' lang='lat' dir='ltr'>referri,</span> <span class='ocrx_word' id='word_1_245' title='bbox 1039 3701 1111 3746; x_wconf 90' lang='lat' dir='ltr'>cum</span> <span class='ocrx_word' id='word_1_246' title='bbox 1133 3684 1305 3767; x_wconf 89' lang='lat' dir='ltr'>respiciant</span> 
     </span>
     <span class='ocr_line' id='line_1_30' title="bbox 155 3780 1302 3868; baseline 0.007 -23"><span class='ocrx_word' id='word_1_247' title='bbox 155 3787 266 3864; x_wconf 90' lang='lat' dir='ltr'>aperte</span> <span class='ocrx_word' id='word_1_248' title='bbox 281 3780 323 3844; x_wconf 90' lang='lat' dir='ltr'>ad</span> <span class='ocrx_word' id='word_1_249' title='bbox 340 3801 388 3863; x_wconf 91' lang='lat' dir='ltr'>ea,</span> <span class='ocrx_word' id='word_1_250' title='bbox 412 3800 495 3862; x_wconf 87' lang='lat' dir='ltr'>quae</span> <span class='ocrx_word' id='word_1_251' title='bbox 509 3780 656 3865; x_wconf 84' lang='lat' dir='ltr'>proxima</span> <span class='ocrx_word' id='word_1_252' title='bbox 671 3802 788 3848; x_wconf 90' lang='lat' dir='ltr'>scaena</span> <span class='ocrx_word' id='word_1_253' title='bbox 803 3788 875 3848; x_wconf 91' lang='lat' dir='ltr'>acta</span> <span class='ocrx_word' id='word_1_254' title='bbox 889 3789 988 3847; x_wconf 88' lang='lat' dir='ltr'>erant.</span> <span class='ocrx_word' id='word_1_255' title='bbox 1024 3784 1135 3867; x_wconf 87' lang='lat' dir='ltr'>Immo,</span> <span class='ocrx_word' id='word_1_256' title='bbox 1158 3786 1185 3850; x_wconf 90' lang='lat' dir='ltr'>si</span> <span class='ocrx_word' id='word_1_257' title='bbox 1205 3787 1302 3868; x_wconf 88' lang='lat' dir='ltr'>paulo</span> 
     </span>
     <span class='ocr_line' id='line_1_31' title="bbox 155 3881 1303 3969; baseline 0.007 -20"><span class='ocrx_word' id='word_1_258' title='bbox 155 3881 333 3949; x_wconf 88' lang='lat' dir='ltr'>accuratius</span> <span class='ocrx_word' id='word_1_259' title='bbox 349 3881 539 3965; x_wconf 84' lang='lat' dir='ltr'>inspexeris,</span> <span class='ocrx_word' id='word_1_260' title='bbox 555 3883 641 3948; x_wconf 90' lang='lat' dir='ltr'>facili</span> <span class='ocrx_word' id='word_1_261' title='bbox 654 3883 781 3965; x_wconf 85' lang='lat' dir='ltr'>negotio</span> <span class='ocrx_word' id='word_1_262' title='bbox 797 3883 878 3951; x_wconf 88' lang='lat' dir='ltr'>baec</span> <span class='ocrx_word' id='word_1_263' title='bbox 892 3884 963 3969; x_wconf 89' lang='lat' dir='ltr'>ipsa</span> <span class='ocrx_word' id='word_1_264' title='bbox 978 3885 1303 3969; x_wconf 89' lang='lat' dir='ltr'>interpolatione</span> 
     </span>
    </p>
   </div>
   <div class='ocr_carea' id='block_1_4' title="bbox 154 4047 1305 4537">
    <p class='ocr_par' dir='ltr' id='par_1_5' title="bbox 154 4047 1305 4452">
     <span class='ocr_line' id='line_1_32' title="bbox 244 4047 1303 4122; baseline 0.008 -21"><span class='ocrx_word' id='word_1_265' title='bbox 244 4053 267 4114; x_wconf 85' lang='lat' dir='ltr'>l)</span> <span class='ocrx_word' id='word_1_266' title='bbox 286 4047 387 4115; x_wconf 88' lang='lat' dir='ltr'>Utpote</span> <span class='ocrx_word' id='word_1_267' title='bbox 398 4047 427 4100; x_wconf 90' lang='lat' dir='ltr'>in</span> <span class='ocrx_word' id='word_1_268' title='bbox 438 4048 499 4102; x_wconf 89' lang='lat' dir='ltr'>loco</span> <span class='ocrx_word' id='word_1_269' title='bbox 518 4063 534 4101; x_wconf 90' lang='lat' dir='ltr'>a</span> <span class='ocrx_word' id='word_1_270' title='bbox 552 4049 701 4116; x_wconf 87' lang='lat' dir='ltr'>posteriore</span> <span class='ocrx_word' id='word_1_271' title='bbox 715 4049 831 4116; x_wconf 89' lang='lat' dir='ltr'>quodam</span> <span class='ocrx_word' id='word_1_272' title='bbox 848 4056 929 4119; x_wconf 90' lang='lat' dir='ltr'>poeta</span> <span class='ocrx_word' id='word_1_273' title='bbox 947 4053 1097 4119; x_wconf 89' lang='lat' dir='ltr'>compositu</span> <span class='ocrx_word' id='word_1_274' title='bbox 1115 4053 1303 4122; x_wconf 85' lang='lat' dir='ltr'>relinquendos</span> 
     </span>
     <span class='ocr_line' id='line_1_33' title="bbox 155 4132 1305 4204; baseline 0.004 -17"><span class='ocrx_word' id='word_1_275' title='bbox 155 4133 220 4187; x_wconf 81' lang='lat' dir='ltr'>duxi</span> <span class='ocrx_word' id='word_1_276' title='bbox 238 4132 362 4186; x_wconf 87' lang='lat' dir='ltr'>uersibus</span> <span class='ocrx_word' id='word_1_277' title='bbox 375 4137 425 4186; x_wconf 84' lang='grc'>963</span> <span class='ocrx_word' id='word_1_278' title='bbox 436 4148 475 4200; x_wconf 87' lang='lat' dir='ltr'>sq.</span> <span class='ocrx_word' id='word_1_279' title='bbox 494 4148 619 4186; x_wconf 91' lang='lat' dir='ltr'>numeros</span> <span class='ocrx_word' id='word_1_280' title='bbox 638 4133 800 4187; x_wconf 87' lang='lat' dir='ltr'>trochaicus.</span> <span class='ocrx_word' id='word_1_281' title='bbox 828 4134 916 4188; x_wconf 91' lang='lat' dir='ltr'>Docet</span> <span class='ocrx_word' id='word_1_282' title='bbox 933 4135 1004 4188; x_wconf 91' lang='lat' dir='ltr'>enim</span> <span class='ocrx_word' id='word_1_283' title='bbox 1022 4137 1173 4204; x_wconf 85' lang='lat' dir='ltr'>exemplum</span> <span class='ocrx_word' id='word_1_284' title='bbox 1186 4138 1305 4192; x_wconf 90' lang='lat' dir='ltr'>Terentii</span> 
     </span>
     <span class='ocr_line' id='line_1_34' title="bbox 157 4217 1305 4285; baseline 0.006 -14"><span class='ocrx_word' id='word_1_285' title='bbox 157 4218 255 4271; x_wconf 89' lang='lat' dir='ltr'>omisso</span> <span class='ocrx_word' id='word_1_286' title='bbox 274 4217 431 4271; x_wconf 89' lang='lat' dir='ltr'>liberiorum</span> <span class='ocrx_word' id='word_1_287' title='bbox 448 4219 595 4270; x_wconf 90' lang='lat' dir='ltr'>metrorum</span> <span class='ocrx_word' id='word_1_288' title='bbox 613 4233 664 4270; x_wconf 88' lang='lat' dir='ltr'>usu</span> <span class='ocrx_word' id='word_1_289' title='bbox 683 4217 764 4279; x_wconf 87' lang='lat' dir='ltr'>multo</span> <span class='ocrx_word' id='word_1_290' title='bbox 784 4218 878 4281; x_wconf 88' lang='lat' dir='ltr'>maius,</span> <span class='ocrx_word' id='word_1_291' title='bbox 897 4233 977 4285; x_wconf 89' lang='lat' dir='ltr'>quam</span> <span class='ocrx_word' id='word_1_292' title='bbox 995 4226 1083 4279; x_wconf 84' lang='lat' dir='ltr'>antea,</span> <span class='ocrx_word' id='word_1_293' title='bbox 1106 4227 1227 4274; x_wconf 82' lang='lat' dir='ltr'>exortum</span> <span class='ocrx_word' id='word_1_294' title='bbox 1246 4238 1305 4279; x_wconf 83' lang='lat' dir='ltr'>esse</span> 
     </span>
     <span class='ocr_line' id='line_1_35' title="bbox 154 4300 1304 4363; baseline 0.007 -8"><span class='ocrx_word' id='word_1_295' title='bbox 154 4302 273 4355; x_wconf 86' lang='lat' dir='ltr'>studium</span> <span class='ocrx_word' id='word_1_296' title='bbox 300 4300 484 4356; x_wconf 87' lang='lat' dir='ltr'>concitatioris</span> <span class='ocrx_word' id='word_1_297' title='bbox 511 4300 651 4354; x_wconf 86' lang='lat' dir='ltr'>cuiusdam</span> <span class='ocrx_word' id='word_1_298' title='bbox 677 4301 817 4354; x_wconf 84' lang='lat' dir='ltr'>uarietatis</span> <span class='ocrx_word' id='word_1_299' title='bbox 845 4301 1002 4355; x_wconf 88' lang='lat' dir='ltr'>efficiendae</span> <span class='ocrx_word' id='word_1_300' title='bbox 1029 4303 1131 4357; x_wconf 84' lang='lat' dir='ltr'>crebris</span> <span class='ocrx_word' id='word_1_301' title='bbox 1157 4307 1185 4358; x_wconf 92' lang='lat' dir='ltr'>in</span> <span class='ocrx_word' id='word_1_302' title='bbox 1211 4309 1304 4363; x_wconf 89' lang='lat' dir='ltr'>cadem</span> 
     </span>
     <span class='ocr_line' id='line_1_36' title="bbox 155 4384 945 4452; baseline -0.001 -12"><span class='ocrx_word' id='word_1_303' title='bbox 155 4401 255 4440; x_wconf 86' lang='lat' dir='ltr'>scaena</span> <span class='ocrx_word' id='word_1_304' title='bbox 273 4387 423 4440; x_wconf 90' lang='lat' dir='ltr'>iamborum</span> <span class='ocrx_word' id='word_1_305' title='bbox 441 4386 686 4452; x_wconf 86' lang='lat' dir='ltr'>trochaeorumque</span> <span class='ocrx_word' id='word_1_306' title='bbox 704 4384 945 4439; x_wconf 87' lang='lat' dir='ltr'>uicissitudinibus.</span> 
     </span>
    </p>

    <p class='ocr_par' dir='ltr' id='par_1_6' title="bbox 241 4470 832 4537">
     <span class='ocr_line' id='line_1_37' title="bbox 241 4470 832 4537; baseline 0 -14"><span class='ocrx_word' id='word_1_307' title='bbox 241 4474 266 4537; x_wconf 82' lang='lat'>2)</span> <span class='ocrx_word' id='word_1_308' title='bbox 284 4471 325 4525; x_wconf 88' lang='lat' dir='ltr'>De</span> <span class='ocrx_word' id='word_1_309' title='bbox 343 4471 429 4524; x_wconf 89' lang='lat' dir='ltr'>tribus</span> <span class='ocrx_word' id='word_1_310' title='bbox 447 4470 500 4524; x_wconf 88' lang='lat' dir='ltr'>illis</span> <span class='ocrx_word' id='word_1_311' title='bbox 517 4470 580 4525; x_wconf 80' lang='lat' dir='ltr'>fatis</span> <span class='ocrx_word' id='word_1_312' title='bbox 599 4488 624 4524; x_wconf 93' lang='lat' dir='ltr'>u.</span> <span class='ocrx_word' id='word_1_313' title='bbox 643 4471 795 4524; x_wconf 78' lang='lat' dir='ltr'>Excursum</span> <span class='ocrx_word' id='word_1_314' title='bbox 812 4472 832 4524; x_wconf 93' lang='lat' dir='ltr'>I.</span> 
     </span>
    </p>
   </div>
   <div class='ocr_carea' id='block_1_5' title="bbox 0 0 1474 5144">
    <p class='ocr_par' dir='ltr' id='par_1_7' title="bbox 0 0 1474 5144">
     <span class='ocr_line' id='line_1_38' title="bbox 0 0 1474 5144; baseline 0 0"><span class='ocrx_word' id='word_1_315' title='bbox 0 0 1474 5144; x_wconf 95' lang='lat' dir='ltr'> </span> 
     </span>
    </p>
   </div>
  </div>
 </body>
</html>
