2940 5144
359 736 401 790 De
419 734 587 790 Bacchidum
604 733 749 787 Plautinae
766 732 960 788 retractatione
977 734 1109 788 scaenica.
1266 730 1305 791 77

240 911 259 987 §
272 912 326 973 13.
362 903 427 971 Sed
443 904 484 971 de
500 906 637 988 Hasperi
652 903 875 970 dissertatione
891 925 946 970 cur
960 905 1070 989 paullo
1093 905 1222 970 uberius
1244 904 1308 972 dis·

154 1017 311 1097 putarem,
334 1006 417 1071 hanc
430 1005 631 1091 potissimum
647 1005 745 1070 habui
763 1025 903 1090 causam,
926 1012 960 1071 ut
974 1006 1108 1072 alicuius
1125 1007 1309 1090 insignioris

156 1109 297 1195 exempli
313 1108 550 1192 opportunitate
566 1108 676 1172 oblata
695 1105 948 1173 demonstrarem
970 1128 1042 1173 cum
1064 1108 1160 1173 latius
1182 1127 1309 1190 grassa·

155 1217 221 1277 tam
239 1230 309 1277 esse
324 1207 466 1275 nouandi
483 1208 573 1274 illam
595 1206 771 1290 libidinem,
795 1227 889 1290 quam
913 1209 946 1274 in
967 1209 1083 1293 uulgus
1104 1210 1310 1290 probaretur:

156 1318 222 1378 tum
239 1319 270 1378 et
285 1311 355 1376 fieri
370 1310 512 1395 potuisse
528 1316 560 1376 et
574 1311 693 1382 iactum
709 1329 789 1394 esse,
813 1315 848 1376 ut
862 1316 1035 1385 retractata
1050 1311 1160 1394 aliqua
1181 1311 1309 1378 fabulae

155 1434 230 1499 pars
251 1413 366 1479 iterum
389 1433 409 1477 a
430 1413 605 1495 posteriore
636 1410 774 1492 quodam
803 1416 899 1496 poeta
927 1411 1098 1477 dominoue
1126 1411 1233 1494 gregis
1261 1413 1309 1477 hi·
1351 1431 1355 1444 ·

156 1515 244 1581 strici
265 1519 490 1581 retractaretur
501 1513 542 1596 1),
566 1513 612 1577 ita
634 1512 779 1597 quidem,
803 1519 837 1577 ut
859 1513 1077 1597 dittographia
1098 1512 1131 1579 in
1158 1512 1308 1597 dittogra-

114 1609 117 1615 ’
155 1617 266 1701 pbiam
289 1618 391 1682 inlata
413 1614 614 1698 quadruplex
637 1614 789 1680 euaderet
811 1612 955 1680 eiusdem
985 1634 1121 1681 scaenae
1150 1615 1309 1681 recensio:
1366 1643 1369 1646 ·

146 1719 246 1800 *cuius
268 1718 314 1784 rei
337 1717 485 1798 equidem
508 1737 612 1798 neque
635 1717 739 1783 habeo
766 1718 825 1782 hoc
855 1717 1007 1800 temporis
1038 1716 1123 1797 quod
1151 1718 1311 1802 proferam

157 1820 291 1885 alterum
307 1818 491 1902 exemplum
506 1837 610 1898 neque
625 1818 732 1883 inueni
754 1818 796 1882 ab
818 1817 882 1884 alio
904 1818 969 1883 iam
992 1819 1057 1885 tale
1079 1818 1156 1900 quid
1179 1819 1231 1884 uel
1253 1815 1309 1883 ad-

157 1920 257 1985 latum
279 1919 332 1984 uel
354 1920 601 2003 comprobatum.
1312 1927 1313 1930 ’

243 2022 358 2087 'Potum
385 2021 470 2086 enim
499 2020 813 2087 retractationis
842 2021 1068 2103 scaenicae
1096 2042 1213 2087 nomen
1239 2040 1310 2086 cum

158 2121 283 2188 duobus
298 2122 496 2211 contineatur
518 2123 697 2205 generibus,
721 2122 821 2187 altero
845 2122 964 2188 maiore
988 2123 1056 2189 siue
1078 2124 1201 2204 latiore,
1225 2120 1311 2205 quod

159 2230 283 2308 spectat
305 2223 348 2288 ad
370 2225 474 2308 ipsam
496 2224 626 2289 fabulae
648 2223 919 2307 compositionem,
943 2222 1125 2304 angustiore
1149 2223 1250 2289 altero
1273 2245 1312 2290 ac
1405 2272 1410 2301 -.

158 2325 295 2410 minuto,
327 2323 412 2405 quod
435 2325 569 2409 singulis
593 2324 740 2390 inhaeret
768 2324 864 2390 locis:
894 2323 1043 2405 quoniam
1074 2323 1134 2391 hoc
1163 2325 1311 2390 bifariam
1409 2358 1412 2367 ‹

118 2428 119 2431 ’
157 2445 266 2493 rursus
282 2426 464 2492 distinctum
485 2431 533 2492 est
549 2425 823 2493 etadditamentis
839 2433 871 2492 et
885 2425 1122 2510 dittographiis,
1145 2426 1312 2492 iteratae

158 2527 446 2593 retractationis
469 2527 625 2594 minoris
647 2529 829 2594 uniuersum
844 2546 944 2610 genus
961 2534 1095 2613 apparet
1117 2528 1176 2593 has
1199 2535 1312 2611 quat·

159 2634 249 2695 tuor
263 2628 385 2694 habere
401 2628 564 2712 species:
584 2627 796 2694 additamenti
812 2630 865 2694 uel
881 2628 1134 2695 additamentum
1149 2631 1202 2696 uel
1218 2630 1313 2696 ditto

158 2727 341 2812 graphiam,
372 2730 450 2796 item
473 2730 709 2814 dittographiae
731 2731 784 2795 uel
806 2729 1058 2797 additamentum
1082 2733 1134 2797 uel
1160 2730 1313 2814 dittogra-

158 2828 277 2912 phiam.
313 2833 363 2897 Ex
380 2831 494 2911 quibus
510 2830 639 2912 quidem
656 2851 739 2912 quae
762 2833 954 2916 posteriores
976 2832 1082 2899 factae
1104 2839 1178 2899 suut
1198 2833 1314 2900 iterum

158 2951 179 2995 a
200 2953 403 2999 numerorum
425 2933 611 3000 diuersitate
634 2934 739 3018 legem
763 2934 938 3019 accipiunt,
969 2954 1060 3019 oum,
1089 2935 1116 3000 si
1146 2939 1314 3015 utrumque

144 3031 396 3119 'dittographiae
419 3036 581 3120 specimen
604 3042 811 3102 retractatum
839 3036 896 3119 sit,
928 3035 1130 3120 quadruplex
1159 3036 1314 3102 efficiatur

159 3139 214 3199 aut
237 3134 380 3202 eiusdem
404 3137 580 3202 sententiae
602 3136 747 3202 recensio
770 3143 826 3202 aut
847 3173 889 3183 -
912 3123 998 3221 quod
1021 3137 1064 3201 ad
1094 3136 1315 3218 additamenta

158 3235 245 3300 ualet
267 3274 306 3281 —
332 3237 485 3302 orationis
508 3238 561 3303 uel
584 3244 753 3304 centonum
774 3237 970 3303 incremento
993 3238 1150 3302 uberioris
1178 3238 1231 3304 uel
1259 3243 1312 3317 'ge-

158 3336 257 3401 nuina
278 3337 484 3421 simplicitate
507 3336 705 3421 splendentis
728 3337 950 3404 conformatio:
975 3339 1023 3403 sin
1045 3339 1155 3421 aliter,
1178 3339 1312 3423 triplex3

245 3540 268 3599 l)
287 3535 382 3603 Neque
394 3535 465 3587 enim
479 3549 572 3602 parem
590 3534 645 3589 uim
662 3535 751 3590 inesse
769 3540 883 3604 apparet
900 3538 1101 3592 retractationis
1120 3537 1192 3605 (uide
1205 3538 1312 3593 Teuffe-

158 3617 223 3670 lium
235 3618 264 3671 in
276 3616 347 3672 Mus.
360 3619 447 3674 Rhen.
459 3625 479 3674 t.
491 3619 555 3674 VIlI
567 3637 594 3689 p.
605 3624 634 3673 31
650 3625 677 3674 et
690 3621 719 3674 in
733 3620 804 3675 Nou.
816 3621 906 3676 annal.
919 3621 984 3691 phil.
997 3627 1015 3675 t.
1027 3627 1059 3676 33
1074 3628 1109 3688 [a.
1123 3628 1198 3688 1866]
1216 3640 1243 3692 p.
1255 3630 1313 3692 704,

158 3705 177 3753 t.
187 3706 219 3755 95
233 3707 354 3770 [61861]
368 3721 394 3774 p.
405 3709 436 3758 32
445 3721 493 3772 sq,
511 3704 707 3760 Reinhardtum
723 3705 751 3758 in
766 3703 944 3760 Studemundi
959 3706 1034 3761 Stud.
1045 3707 1147 3762 uol.Il
1164 3725 1190 3777 p.
1202 3713 1313 3777 86-93,

159 3785 320 3856 Seyffertum'
328 3789 404 3845 Stud.
414 3789 502 3844 Plaut.
511 3807 539 3859 p.
553 3795 591 3856 11,
605 3790 747 3845 Goetzium
756 3789 817 3845 Act.
828 3806 883 3845 soc.
893 3791 931 3845 VI
940 3807 966 3860 p.
976 3782 1034 3858 266,
1047 3793 1206 3848 Lorentium
1215 3792 1312 3847 Philol.

157 3874 221 3926 tao
236 3889 263 3943 p.
278 3879 327 3928 432
337 3890 376 3943 sq.
390 3875 459 3929 conl.
475 3873 561 3944 praef.
576 3874 634 3929 Mil.
649 3875 723 3931 Glor.
739 3893 766 3945 p.
782 3880 825 3941 18)
842 3877 887 3930 uel
905 3878 972 3931 adeo
991 3877 1107 3945 plurium
1124 3881 1314 3933 recensionum
1391 3871 1393 3874 ’

159 3954 204 4019 (ci.
217 3956 371 4027 Hesperum
385 3975 412 4028 p.
426 3965 458 4015 28
475 3960 536 4014 adn.
553 3964 594 4024 20)
612 3961 755 4029 exemplis,
782 3961 895 4030 quaein
913 3962 1031 4030 prologis
1049 3962 1140 4017 Plauti
1162 3969 1251 4018 aetate
1268 3964 1312 4017 uel

158 4042 223 4095 totis
240 4035 284 4096 uel
302 4049 431 4111 exparte
449 4043 623 4098 inferioribus
641 4045 744 4114 passim
761 4045 882 4099 homines
900 4045 975 4100 docti
986 4050 1198 4115 temptauerunt,
1216 4052 1312 4118 utpote

156 4141 273 4193 quorum
290 4127 411 4195 legitima
434 4129 631 4198 quodammodo
655 4129 760 4183 ratione
784 4129 895 4183 cuilibet
915 4129 1077 4184 histrionum
1098 4132 1224 4186 licentiae
1247 4148 1312 4195 con-

159 4225 297 4265 cessorum
321 4227 354 4267 ac
378 4213 466 4268 ueluti
488 4213 657 4281 proditorum
680 4214 825 4282 peculiaris
850 4214 887 4268 sit
909 4214 1042 4268 condicio.
1084 4216 1169 4283 Quam
1194 4232 1259 4271 uero
1284 4219 1312 4271 in

160 4284 281 4350 06111
300 4298 390 4366 attigit
408 4297 554 4368 Seyffertus
571 4297 648 4372 Stud.
666 4297 756 4353 Plaut.
774 4315 801 4367 p.
822 4303 850 4353 11
871 4298 925 4352 alia
946 4312 990 4351 res
1013 4303 1068 4351 cet:
1094 4301 1140 4354 ubi
1160 4301 1189 4354 in
1212 4300 1313 4372 duplici

158 4378 374 4448 interpolatione,
393 4398 446 4436 non
464 4382 493 4436 in
510 4382 703 4436 retractatione
721 4382 825 4437 uersari
847 4377 984 4449 uidemur:
1008 4380 1043 4436 ci.
1061 4382 1126 4437 (list.
1142 4384 1155 4437 l
1171 4389 1195 4452 3,
1209 4390 1310 4443 42-46

160 4468 188 4516 et
204 4465 268 4519 uide
285 4466 390 4522 Ritsch.
410 4467 471 4520 Par.
490 4484 518 4536 p.
535 4471 581 4520 231
601 4465 663 4520 adn.
1247 4469 1252 4480 ‘
