2940 5144
222 287 285 348 176
614 287 791 344 Gualtharius
809 286 983 341 Brachmann

223 482 258 529 se
279 461 389 528 induci
411 479 526 545 passus
549 460 591 526 sit
612 460 655 527 ud
671 458 854 527 faciendum
868 458 960 540 illud,
984 458 1070 541 quod
1085 458 1235 525 suaderet
1249 461 1376 526 mulier-
1454 540 1456 545 Ι

222 566 312 630 cula:
336 583 407 629 cum
428 563 494 629 iam
517 562 560 626 ad
582 562 740 628 rationem
770 559 1062 644 cogitationemque
1090 580 1125 627 se
1154 566 1296 628 reuocet:
1318 560 1376 628 ad-

223 665 357 731 miratus
379 663 506 731 reisue
528 662 629 748 ipsius
658 663 797 730 adsensu
820 662 1047 745 comprobatae
1068 661 1291 729 incredibilem
1313 669 1376 729 tur-

223 765 402 850 pitudinem
424 787 495 832 cum
518 762 717 831 dubitatione
740 763 878 846 quadam
901 782 1093 846 suorumque
1115 784 1265 831 sensuum
1285 765 1378 847 quasi

224 866 403 934 diffidentia
425 873 574 952 quaerat:
598 865 724 928 Hocine
745 886 855 928 aarum
877 875 925 927 est
946 876 1009 928 tum
1031 868 1168 950 turpiter
1189 888 1237 928 me
1252 877 1378 951 captam

223 969 310 1032 esse?
339 968 455 1032 Nonae
476 969 578 1031 satis
602 965 853 1048 affirmatam
875 966 953 1029 mibi
976 978 1066 1030 erat
1088 970 1258 1052 asportari
1275 988 1379 1029 mere-

222 1072 334 1133 tricios
355 1068 550 1132 inlecebras?
574 1068 658 1131 Num
677 1066 811 1151 perinde
826 1067 985 1150 adseclam
1007 1089 1087 1131 5555
1102 1070 1195 1131 511555
1215 1064 1292 1149 pero
1309 1070 1378 1129 uni·

223 1171 325 1235 mum?
347 1172 435 1251 Quos
457 1177 564 1236 tamen
586 1170 751 1255 scmpulos
772 1168 869 1236 facile
890 1171 999 1235 statim
1013 1169 1173 1253 intercipit
1187 1169 1376 1252 5555555111-

223 1272 270 1338 cis
291 1273 405 1339 scitule
427 1271 552 1338 erudita
573 1271 780 1356 impudentia.

307 1393 402 1470 §49-
447 1391 519 1456 Non
541 1389 612 1472 pari
634 1388 728 1455 modo
757 1388 854 1455 uariis
883 1395 915 1454 et
942 1389 1097 1457 intricatio
1127 1387 1378 1470 quaestiunculis
1453 1470 1457 1478 Ι

223 1491 379 1576 impedita
394 1497 443 1557 est
461 1490 502 1556 de
525 1488 660 1556 media
682 1488 758 1556 hac
779 1510 927 1557 scaena
943 1491 1096 1572 quaestio.
1126 1491 1218 1570 Quae
1234 1495 1266 1554 et
1280 1490 1375 1556 libro-

223 1615 294 1660 rum
316 1592 506 1659 auctoritate
528 1610 639 1658 sanam
661 1593 810 1676 praebet,
839 1598 874 1657 ut
896 1593 1078 1657 summatim
1100 1590 1221 1674 dicam,
1250 1598 1377 1657 senten-

225 1695 303 1760 tiam
332 1694 410 1760 satis
438 1699 514 1778 apte
541 1713 613 1761 eam
641 1693 772 1774 quidem
797 1693 1039 1760 conuenientem
1068 1713 1140 1760 cum
1165 1692 1204 1758 iis
1227 1712 1307 1775 quas
1328 1713 1378 1758 re-

223 1796 354 1863 stituere
372 1795 479 1863 conati
493 1814 601 1861 sumus
622 1795 793 1863 Plautinae
807 1814 944 1862 scaenae
958 1796 1115 1880 partibus,
1137 1813 1242 1875 neque
1261 1795 1378 1878 impro-

225 1898 376 1966 babiliter
389 1898 516 1963 uidetur
530 1897 708 1963 Hermanni
721 1896 951 1979 Ritsoheliique
960 1882 1121 1964 'beneficio
1137 1896 1280 1980 expolita
1295 1915 1377 1963 esse.

226 1999 298 2065 Nisi
319 1998 406 2080 quod
429 1999 490 2067 hoc
511 1998 560 2064 illi
582 1999 669 2065 nullo
685 1997 780 2064 modo
796 1997 874 2063 mihi
888 1994 1115 2082 probauerunt,
1139 1996 1297 2064 excidisse
1319 1998 1378 2063 ali-

223 2099 302 2183 quid
329 2102 362 2166 in
392 2101 538 2166 uersibus
569 2103 650 2165 1158
663 2118 728 2181 sq:
757 2099 883 2165 facilius
911 2098 1149 2183 interpolatoris
1177 2096 1379 2181 impudentia

223 2202 257 2267 in
268 2201 475 2282 sequentibus
486 2200 661 2268 accessisse
675 2202 828 2267 nonnulla
843 2200 1043 2267 crediderim.
1074 2199 1231 2280 Quocirca
1245 2200 1377 2267 resectis

225 2322 308 2385 quae
330 2301 509 2368 redundare
531 2301 681 2368 uidentur
700 2303 744 2367 ad
766 2302 827 2370 hoc
847 2302 953 2388 potius
972 2304 1155 2387 exemplum
1171 2294 1376 2387 probauerim

224 2424 353 2471 uersum
378 2406 459 2467 1159
482 2423 554 2468 cum
580 2406 657 2467 1161
683 2403 979 2489 conglutinatumd)

236 2576 239 2580 ’
312 2592 336 2654 1)
353 2585 481 2654 Alioquin
493 2586 694 2656 hypermetrum
703 2601 764 2640 eum
777 2587 900 2643 clausula
912 2590 960 2643 aut
972 2588 1023 2642 hoc
1035 2587 1115 2641 modo
1129 2586 1275 2642 discribere
1286 2585 1376 2640 licuit:

224 2705 324 2761 PHIL:
347 2705 450 2760 Tactus
474 2720 534 2760 sum
558 2703 733 2760 uehementer
753 2705 843 2761 uisco:
868 2723 915 2762 cor
935 2705 1046 2762 stimulo
1069 2704 1180 2761 foditur.
1216 2703 1290 2758 NIO:
1316 2703 1379 2759 Ttbi

836 2790 932 2865 edepol
1310 2791 1377 2842 1158

590 2873 678 2929 Multo
696 2875 809 2943 aequius
828 2875 1008 2931 coxendicem.

224 2960 277 3016 Sed
289 2959 353 3028 quid
364 2960 434 3013 istuc
446 2958 507 3014 est?
526 2958 577 3013 etsi
589 2960 638 3027 ego
650 2959 703 3012 iarn
715 2959 792 3028 ipsas
809 2959 874 3027 quid
891 2962 927 3014 stt
943 2973 1028 3028 prope
1046 2957 1116 3013 scire
1133 2960 1200 3027 puto
1218 2971 1269 3022 me,
1311 2961 1377 3010 1150

223 3046 325 3100 Verum
336 3043 430 3099 addire
441 3043 522 3098 etiam
535 3059 568 3097 ex
579 3039 608 3096 te
621 3041 724 3098 studeo.
746 3042 847 3097 PHIL=
865 3043 954 3098 Viden
965 3041 1056 3098 hanc?
1077 3042 1151 3096 NIO:
1164 3041 1258 3097 Video.
1276 3041 1376 3096 PHIL:

836 3127 918 3182 Haud
934 3129 1033 3182 nialast
1050 3126 1155 3192 muilier,

224 3252 280 3312 aut,
298 3249 330 3302 ut
346 3246 478 3314 integram
494 3245 524 3300 in
541 3243 676 3315 prioribus
694 3244 819 3298 uersibus
836 3248 974 3301 tueremur
987 3245 1119 3300 librorum
1130 3243 1290 3310 memoriam,
1310 3259 1377 3297 con-

223 3333 287 3388 latis
305 3331 426 3400 quidem,
445 3344 515 3399 quae
532 3328 654 3398 disputat
670 3328 842 3384 Hermannus
860 3331 947 3385 Elem.
967 3330 1054 3385 doctr.
1070 3336 1147 3384 metr.
1166 3346 1193 3398 p.
1208 3331 1256 3382 111
1266 3343 1324 3397 sqq.
1344 3328 1379 3382 de

223 3415 345 3471 iambicis
358 3414 512 3480 5515555115,
531 3412 578 3482 qui
590 3412 701 3469 elisione
714 3413 789 3468 facta
804 3414 927 3470 ultimam
945 3413 1077 3483 syllabam
1094 3413 1123 3468 in
1141 3419 1297 3481 sequentem
1315 3428 1379 3468 uer·

224 3516 285 3555 sum
301 3499 464 3566 coniectent,
482 3498 537 3552 sic:

223 3601 323 3656 PHIL:
342 3599 445 3654 Tactus
458 3614 519 3654 sum
536 3599 710 3654 uehementer
727 3599 818 3655 uisco:
837 3616 885 3655 cor
902 3601 1009 3656 stimulo
1027 3599 1138 3655 foditur.
1165 3597 1240 3653 Nic:
1258 3599 1309 3653 Pol
1326 3598 1378 3653 tibi

601 3751 723 3820 Aequlus
741 3755 784 3807 est
801 3752 982 3808 coxendicem.
1065 3683 1150 3738 musto

226 3871 349 3926 Ceterum
358 3868 393 3924 51.
402 3869 615 3925 Studemundum
624 3871 658 3926 de
668 3870 765 3926 cantic.
774 3870 815 3925 Pl.
824 3887 851 3939 p.
861 3875 885 3937 5,
903 3869 1074 3938 Spengelium
1085 3868 1116 3923 T.
1126 3867 1165 3922 M.
1174 3868 1263 3923 Plaut.
1280 3884 1307 3938 p.
1320 3873 1378 3923 131.

224 3955 257 4006 In
273 3971 300 4007 u.
322 3958 386 4010 1160
409 3971 460 4027 epo
476 3956 533 4010 iam
550 3957 627 4027 ipsas
647 3971 700 4012 scr.
724 3954 842 4021 Ritsoh.,
866 3954 960 4020 Fleek.
982 3957 1037 4010 ium
1055 3970 1106 4024 epo
1129 3953 1208 4024 15555
1230 3951 1381 4008 Muellerus

183 4123 185 4127 Ι
225 4037 302 4092 Pros.
319 4038 406 4108 Pup.
421 4044 479 4095 360.
498 4041 558 4113 ipsc
575 4055 626 4112 epo
643 4042 697 4095 ium
714 4039 806 4094 Herm.
822 4040 877 4095 ium
895 4055 947 4112 epo
966 4041 1026 4111 ipse
1044 4053 1105 4094 cum
1122 4038 1183 4093 libr.
1201 4036 1264 4093 Uss.
