2940 5144
211 305 275 369 184
430 329 434 333 ·
605 262 780 362 Gualtharius
799 306 972 361 Brachmann

296 480 388 546 Haec
409 478 516 546 omnia
531 479 587 546 ille
602 478 688 544 haud
702 477 956 564 improbabiliter
974 478 1119 562 exponit;
1142 498 1200 544 nec
1216 478 1365 561 equidem

212 581 441 663 dubitauerim,
463 580 491 646 si
514 579 642 662 quidem
663 580 698 646 in
720 578 915 647 Menandrea
937 579 1048 672 fabula
1070 577 1183 647 eodem
1206 579 1302 648 modo
1325 602 1364 658 ac

190 684 246 750 'in
268 683 375 748 Plauti
395 682 460 748 illis
482 681 627 748 uersibus
650 681 788 766 Lycurgi
809 702 925 748 nomen
949 688 1134 767 usurpatum
1157 682 1261 765 fuerit,
1289 683 1365 766 quin

213 783 389 850 Menander
411 789 570 850 oratorem
592 781 683 848 illum
705 781 846 848 Atticum
868 781 1080 866 significatum
1102 782 1249 850 uoluerit.
1273 784 1363 852 Com-

148 943 154 949 .
211 887 366 970 probasse
389 889 497 951 antem
526 884 577 949 his
599 883 736 950 Meierns
765 883 828 950 sibi
847 884 981 950 'uidetur
1009 883 1097 968 apud
1118 884 1266 952 Plautum
1289 906 1364 953 eun·

84 991 88 997 ’
213 987 286 1055 dem
307 987 398 1053 illum
420 987 603 1071 Lycurgum
624 982 875 1068 intellegendum
897 984 1008 1070 esse.¹)
1043 985 1153 1068 Pergit
1175 986 1259 1052 enim
1281 986 1365 1053 huno

211 1089 245 1156 in
267 1087 411 1155 modum:

296 1184 449 1275 ‘Lycurgi
470 1190 658 1256 memoriam
681 1189 768 1274 apud
790 1187 997 1254 Menandrum
1014 1195 1171 1273 repertam
1194 1199 1363 1270 quemnam

214 1291 249 1357 in
270 1290 399 1358 modum
415 1291 548 1357 Plautus
564 1291 697 1374 eiusque
713 1290 867 1372 aequales
888 1288 1115 1372 intellexerint,
1136 1296 1172 1356 ut
1192 1289 1304 1356 inutile
1320 1292 1364 1356 ad

214 1391 442 1475 quaerendum,
463 1392 510 1457 ita
532 1392 663 1459 difficile
685 1399 735 1460 est
763 1392 806 1458 ad
828 1390 1083 1473 diiudicandum
1114 1391 1156 1458 de
1177 1411 1235 1459 suo
1257 1399 1365 1458 autem

214 1493 365 1579 Spartani
386 1493 526 1577 Lycurgi
548 1495 733 1560 memoriam
762 1484 927 1560 eominus
955 1491 1109 1557 credibile
1140 1496 1188 1558 est
1216 1493 1365 1559 Plautum

214 1594 385 1677 adiecisse,
417 1614 480 1676 quo
512 1595 685 1677 procliuius
716 1600 785 1662 erat
817 1602 927 1679 aptum
960 1595 1140 1660 Romanum
1173 1612 1268 1675 quam
1301 1616 1366 1661 non

213 1702 324 1781 aptum
353 1696 509 1772 Graecum
537 1718 654 1764 nomen
680 1697 891 1782 interponere.
942 1693 1091 1778 Accedit,
1122 1715 1184 1777 quo
1213 1717 1265 1763 res
1293 1717 1365 1763 oon-

212 1797 316 1864 ficitur
337 1816 457 1881 paene,
481 1797 567 1879 quod
589 1798 726 1882 palliata
748 1799 962 1864 Romanorum
985 1797 1152 1863 comoedia
1173 1799 1269 1882 plane
1292 1800 1366 1863 atti·

213 1890 370 1965 cissabat.'

298 2000 382 2066 Illud
403 2000 508 2084 igitur,
530 2000 564 2065 in
587 2019 649 2082 quo
680 2000 777 2067 totius
800 1998 995 2082 quaestionis
1026 2017 1151 2065 summa
1179 1999 1285 2085 posita
1307 2007 1365 2086 est,

213 2101 321 2164 Inutile
343 2101 386 2164 ad
406 2101 616 2186 quaerendam
639 2121 710 2169 esse
726 2102 897 2168 arbitratus
920 2100 1087 2185 explorare
1104 2101 1241 2168 Meierus
1257 2121 1365 2186 super-

212 2202 305 2291 sedit.
349 2204 400 2268 An
424 2203 550 2269 dubitas
583 2223 658 2269 num
681 2222 812 2270 necesse
834 2203 891 2284 sit,
922 2220 1129 2285 quaecunque
1159 2201 1307 2284 legantur
1333 2203 1366 2269 in

213 2304 325 2370 fabula
346 2323 367 2368 a
388 2305 471 2371 bono
493 2311 592 2386 poeta
614 2304 805 2389 composita,
836 2323 875 2370 ea
897 2308 930 2369 et
950 2301 1144 2369 intellexerit
1165 2304 1235 2388 ipse
1257 2311 1367 2372 auctor

202 2410 248 2470 'et
268 2405 457 2487 intellegere
480 2405 642 2490 potuerint
663 2404 882 2489 spectatores?
906 2404 997 2482 Quod
1019 2404 1081 2469 nisi
1103 2411 1271 2486 utrumque
1293 2425 1366 2472 con-

126 2524 131 2528 ·
214 2502 348 2588 tigerat:
377 2504 473 2588 cedo,
501 2511 608 2572 utrum
630 2507 777 2572 Plautum
807 2505 864 2571 tibi
894 2505 988 2590 fingis
1017 2512 1107 2573 tanta
1127 2506 1226 2574 fuisse
1248 2506 1368 2590 ingenii

215 2606 445 2690 imbecillitate,
467 2613 512 2691 ut,
534 2626 742 2691 quaecunque
768 2607 945 2673 inuenisset
973 2605 1006 2672 in
1034 2626 1150 2689 graeco
1179 2608 1366 2693 exemplari,

213 2707 259 2774 nil
282 2727 406 2790 curans,
429 2707 506 2789 quid
522 2727 670 2790 quaeque
684 2729 735 2776 res
749 2708 885 2775 haberet
902 2707 1143 2791 significationis
1158 2716 1214 2776 aut
1227 2716 1367 2794 potesta·

216 2808 266 2893 tis,
289 2816 410 2877 temere
431 2809 539 2876 latinis
559 2810 770 2895 perscriberet
790 2809 907 2894 uerbis,
930 2830 973 2874 an
989 2816 1079 2876 tanta
1101 2798 1255 2895 patientia
1276 2832 1367 2894 spec·

214 2916 345 2996 totores,
367 2919 413 2995 ut,
436 2930 568 2993 quorum
598 2931 725 2979 sensum
756 2910 963 2978 nullomodo
991 2910 1125 2993 adsequi
1154 2918 1298 2996 possent,
1328 2933 1367 2978 ea

214 3013 248 3078 in
271 3032 388 3080 scaena
411 3014 544 3079 recitata
565 3012 716 3079 admirati
738 3020 845 3079 tamen
866 3010 1095 3093 conlaudarent
1114 3015 1299 3094 clarumque
1320 3015 1365 3078 ta-

215 3113 311 3180 bulae
341 3115 488 3199 plausum
516 3114 652 3180 darent?
680 3116 728 3180 Ae
756 3134 798 3180 ne
819 3112 963 3196 difficilis
985 3115 1108 3197 quidem
1131 3114 1174 3176 ad
1194 3114 1368 3177 dr'r‘udz'con-

216 3215 289 3278 dum
312 3219 361 3281 est
383 3216 526 3297 quaestio
549 3216 614 3280 illa.
658 3216 721 3282 Pro
744 3221 829 3282 certo
852 3215 937 3281 enirn
964 3215 1133 3282 adfirmare
1159 3217 1233 3282 licet
1263 3215 1368 3282 breuis

214 3317 279 3383 ista
301 3317 435 3384 oratoris
459 3317 623 3384 cuiusdam
647 3317 745 3384 Attici
771 3315 962 3401 significatio
989 3316 1066 3398 quid
1095 3317 1156 3383 sibi
1171 3304 1282 3383 ‘uellet
1304 3317 1366 3383 Ro-

214 3438 287 3484 mae
309 3418 397 3485 nullo
420 3420 515 3486 modo
537 3418 682 3503 intellegi
705 3417 855 3502 potuisse.
901 3417 998 3485 Cuius
1029 3417 1114 3500 quod
1132 3419 1252 3494 luisset
1278 3418 1367 3501 inge·

213 3520 302 3585 nium
325 3520 421 3600 quiue
442 3541 547 3588 mores
575 3519 603 3586 si
633 3519 772 3602 quinque
795 3518 947 3585 decemue
973 3519 1066 3586 annis
1093 3526 1262 3604 postquam
1285 3541 1366 3586 mor-

216 3627 290 3687 tuus
312 3625 382 3685 erat
403 3621 616 3689 Athenienses
645 3621 798 3688 memoria
820 3621 984 3686 tenebant:
1014 3621 1092 3703 quid
1119 3621 1201 3688 istuc
1230 3620 1272 3687 ad
1301 3640 1367 3701 eos,

215 3721 269 3803 qui
291 3723 414 3788 Romae
437 3731 562 3790 centum
584 3731 617 3789 et
639 3723 770 3808 triginta
783 3723 850 3789 fere
872 3722 964 3788 annis
985 3728 1057 3806 post
1071 3723 1199 3789 fabulas
1214 3729 1269 3788 aut
1291 3722 1367 3788 scri-

214 3823 335 3890 bebant
356 3830 412 3890 aut
427 3827 639 3910 spectabant?

302 3978 325 4038 1)
348 3973 426 4028 Hanc
449 3975 609 4029 sententiam
631 3976 690 4030 sine
712 3975 769 4030 ulla
791 3974 898 4043 quidem
921 3981 1139 4042 argumentorum
1163 3972 1368 4027 confirmatione

218 4060 401 4125 proposuerat
417 4058 559 4127 Nissenus,
577 4059 610 4115 de
628 4059 747 4130 Lycurgi
765 4060 881 4116 oratoris
899 4061 956 4115 uita
973 4077 999 4130 p.
1016 4065 1055 4114 rt,
