2940 5144
367 757 409 812 De
426 756 594 811 Bacchidem
611 755 754 810 Plautinae
772 754 967 810 retractatione
985 757 1119 810 scaenica.
1273 752 1313 814 ⁷5

164 952 206 998 ne
219 931 335 996 iterum
350 927 393 994 ad
410 948 442 994 ιι.
461 932 499 992 10
514 934 547 994 et
566 933 602 991 15
615 946 661 1009 sq.
684 925 718 990 id
741 947 898 1008 moneam,
921 923 1008 1007 quod
1030 926 1124 992 modo
1147 926 1190 993 ad
1211 949 1241 994 u.
1258 931 1314 993 27:
1444 932 1447 941 '

165 1037 413 1100 consentaneum
435 1047 506 1095 esse
527 1049 557 1094 u.
573 1031 613 1092 28
635 1028 773 1112 primum
796 1028 837 1093 ab
861 1028 1070 1109 Agorastoolc
1090 1028 1237 1094 lenonem
1259 1047 1314 1113 ap-

163 1132 297 1220 pellari;
325 1147 429 1211 neque
450 1136 526 1197 ante
547 1150 577 1196 u.
600 1131 635 1192 17
661 1133 747 1196 certe
768 1129 924 1196 concedes
945 1129 1014 1194 fieri
1036 1148 1147 1212 pose,
1178 1149 1240 1212 quo
1262 1151 1314 1197 ac-

165 1233 281 1303 cedere
297 1253 332 1298 se
347 1233 432 1298 uelle
444 1231 550 1316 Lycus
566 1229 652 1297 dicii.
686 1230 1015 1297 Animaduertendum
1031 1237 1081 1297 est
1095 1238 1212 1313 autem,
1222 1231 1315 1312 quod

164 1357 194 1402 ιι.
211 1340 230 1400 6
246 1334 330 1400 redit
344 1340 419 1401 ante
436 1338 491 1419 12;
515 1355 609 1418 quem
625 1339 758 1418 apparet
772 1333 924 1400 alterutro
940 1333 1010 1400 loco
1029 1330 1207 1399 tollendum
1229 1352 1314 1400 esre:

164 1435 298 1504 tollendi
319 1435 415 1502 simul
438 1437 492 1520 qui
512 1433 692 1520 interpositi
713 1441 787 1500 sunt
808 1456 859 1501 uu.
877 1439 996 1517 7-10‚
1026 1453 1105 1516 quos
1134 1454 1245 1502 omnes
1266 1455 1315 1501 re-

163 1538 329 1606 tractatori
351 1537 461 1604 deberi
483 1537 599 1604 iudico.

256 1640 292 1704 In
321 1639 494 1723 genuino
522 1657 599 1704 uero
627 1637 797 1703 fabulae
826 1637 939 1703 exitu
969 1637 1201 1721 discrepantia,
1231 1656 1314 1719 quae

164 1762 194 1807 u.
206 1741 233 1806 V
247 1748 275 1824 5,
288 1744 325 1804 51
340 1760 410 1823 sqq.
425 1741 507 1808 iuter
521 1739 768 1805 Ambrosianum
782 1738 950 1806 intercedit
965 1743 1204 1819 ceterorumque
1218 1737 1314 1806 libro-

110 1919 115 1929 ,
163 1863 234 1909 rum
256 1842 457 1924 memoriam,
483 1841 611 1926 grauior
632 1840 759 1908 uidetur
784 1860 869 1924 esse,
899 1860 995 1923 quam
1018 1842 1145 1923 qualem
1167 1858 1225 1923 pro
1248 1860 1314 1906 cor-

164 1944 290 2030 ruptela
318 1944 372 2010 uel
401 1943 602 2009 librariorum
630 1943 754 2009 incuria
782 1943 834 2009 uel
863 1944 1092 2025 glossematum
1121 1942 1314 2009 incremento

164 2052 235 2112 orta
255 2045 409 2129 accipias:
436 2042 521 2110 adde
543 2044 629 2126 quod
650 2044 824 2129 inrepsisse
846 2042 998 2110 hocloco
1021 2042 1144 2126 aliquid
1166 2049 1251 2110 certe
1273 2063 1315 2110 ex

164 2146 270 2214 alieno
286 2146 425 2227 quodam
445 2146 622 2231 exemplari
644 2145 826 2213 testimonio
848 2150 923 2210 sunt
944 2143 1096 2210 suffectae
1118 2144 1205 2211 illius
1227 2163 1313 2211 scae·

164 2268 233 2329 nae,
257 2266 353 2328 quam
376 2246 470 2314 modo
493 2247 709 2330 tractauimus,
731 2265 843 2312 uersus
861 2249 994 2327 12-14,
1018 2247 1072 2328 qui
1093 2251 1166 2330 post
1184 2246 1213 2310 V
1229 2250 1258 2329 5,
1275 2249 1315 2311 52

164 2351 197 2415 in
219 2349 367 2415 omnibus
388 2355 515 2434 praeter
536 2350 566 2414 A
587 2348 678 2414 libris
701 2349 857 2432 leguntur.
902 2344 904 2347 ’
1034 2335 1039 2378 3

249 2449 314 2517 Sed
336 2457 372 2516 ut
393 2451 503 2536 paullo
523 2449 695 2516 incertiora
715 2450 775 2515 illa
796 2448 993 2515 omittamus:
1015 2452 1162 2534 spectant
1183 2447 1226 2512 ad
1248 2467 1314 2531 ge-

164 2552 323 2618 mellam
346 2550 543 2631 quandam
566 2550 691 2617 huius
720 2568 876 2635 quoque
904 2569 1086 2623 scaenae
1105 2549 1315 2616 recensio·

164 2673 251 2720 nem
273 2672 384 2719 uersus
406 2655 634 2736 V6,16-2l;
658 2671 785 2718 uersum
808 2656 916 2718 autem
942 2656 980 2716 16
1003 2652 1087 2717 huuc
1109 2649 1198 2718 dico:

200 2802 291 2857 ANT:
313 2803 352 2857 Et
368 2803 433 2858 mihi
452 2803 559 2873 quidem
577 2802 676 2857 minam
693 2801 806 2870 argenti.
841 2799 926 2856 LYO:
952 2800 1033 2856 Sume
1050 2801 1113 2855 hinc
1131 2800 1196 2868 quid
1213 2800 1296 2868 lubet,

160 2977 259 3040 quem
280 2957 315 3022 in
336 2959 366 3024 A
395 2956 547 3023 omissum
571 2957 752 3043 Geppcrtus
780 2976 917 3041 eumque
943 2963 1070 3024 secutus
1091 2956 1256 3040 Hasperus
1280 2955 1315 3021 in

157 3058 369 3137 adnotatione
383 3065 508 3124 tentum
520 3057 704 3141 attulerunt,
719 3078 792 3125 cum
806 3058 1023 3144 perspicerent
1038 3065 1069 3124 et
1084 3057 1168 3124 hunc
1183 3064 1216 3124 et
1229 3079 1262 3125 u.
1273 3062 1314 3144 22
1362 3089 1368 3102 ·

160 3180 225 3227 una
245 3161 322 3227 ferri
343 3180 406 3226 non
427 3179 532 3244 posse.
576 3161 620 3224 At
642 3181 682 3226 ne
705 3158 746 3226 dc
770 3158 949 3225 ludibunda
977 3160 1176 3242 grammatici
1207 3161 1314 3227 nescio

157 3262 251 3328 cuius
266 3260 375 3346 opella
390 3261 521 3343 cogites,
544 3267 655 3345 specta
672 3260 909 3342 subsequentia.
941 3261 1043 3326 Versu
1066 3261 1150 3327 enim
1176 3265 1213 3327 18
1230 3262 1314 3345 Ago-

92 3388 94 3392 >
160 3363 307 3428 rastoclis
331 3361 472 3446 Lycique
495 3359 608 3426 credas
630 3361 872 3429 altercationem
893 3360 1015 3426 finitam
1044 3381 1130 3428 esse:
1160 3351 1213 3428 hic
1242 3382 1314 3429 con-

157 3461 320 3528 dicionem
342 3462 483 3545 accepit,
512 3461 569 3526 ille
596 3462 758 3546 placatus,
786 3469 821 3528 ut
849 3461 976 3555 uidetur
1004 3467 1103 3545 certe,
1137 3463 1184 3526 Ite
1212 3463 1315 3547 inquit

157 3562 288 3645 ¹c'pitcr
309 3563 410 3627 intro:
438 3563 505 3631 iam
527 3582 557 3628 u.
579 3565 620 3626 22
633 3580 703 3644 sqq.
729 3563 911 3632 absolutam
939 3583 1006 3629 rem
1035 3583 1073 3630 ao
1100 3565 1157 3630 uix
1184 3556 1314 3634 demum

160 3665 305 3730 relictam
326 3663 442 3743 iterum
464 3664 596 3748 suscipit
617 3665 796 3748 acriterque
818 3666 851 3731 in
873 3666 1020 3733 lenonem
1041 3666 1187 3734 inuectus
1209 3666 1313 3736 denuo

156 3766 279 3850 occipit
293 3787 365 3832 cum
381 3786 419 3832 eo
433 3765 569 3846 litigare.
602 3766 776 3851 Praeterea
794 3788 845 3835 me
866 3787 930 3834 non
951 3767 1139 3849 intellegere
1162 3767 1315 3837 confiteor

155 3886 301 3951 causam,
325 3887 379 3932 cur
393 3867 459 3932 iam
472 3889 504 3934 u.
519 3871 557 3932 19
574 3870 723 3936 mulieres
738 3869 821 3937 intro
836 3869 1011 3954 mittantur,
1034 3890 1090 3936 cur
1109 3889 1140 3937 u.
1157 3873 1194 3934 21
1220 3870 1314 3940 miles

160 3960 349 4038 Hannonem
364 3970 473 4035 ualere
487 3969 607 4055 iubeat,
629 3971 691 4036 nisi
706 3991 843 4038 scaenae
860 3970 933 4038 linis
954 3971 1020 4037 iam
1041 3971 1162 4047 aderat
1200 3973 1313 4054 Neque

155 4068 332 4150 quicquam
360 4070 503 4154 profecto
525 4107 567 4117 -
589 4071 748 4153 siquidem
777 4073 949 4139 retinemus
977 4092 1105 4140 uersum
1131 4077 1169 4137 16
1191 4109 1233 4120 -
1255 4077 1313 4141 im·
1391 4079 1395 4086 '

161 4169 267 4254 pedit,
298 4171 466 4252 quominus
488 4171 596 4238 statim
618 4178 770 4253 sequatur
791 4195 821 4240 u.
846 4176 887 4238 29
913 4173 1032 4258 (paulo
1048 4174 1170 4240 scilicet
1192 4183 1248 4242 aut
1270 4175 1314 4242 ad

157 4270 222 4356 *hoe
240 4273 439 4357 exemplum:
461 4272 646 4357 Mc'pritrcc,
668 4272 915 4360 aequoreque>
937 4275 1032 4348 intro,
1055 4274 1313 4359 ctbcncscstcim
1410 4293 1412 4297 '

161 4370 242 4435 dmm
257 4381 313 4440 aut
327 4373 473 4441 similitor
487 4373 718 4460 immutandus)
732 4395 797 4442 una
811 4396 883 4442 cum
897 4370 1051 4460 proximis
1065 4377 1119 4443 uel
1134 4377 1192 4444 alii
1205 4379 1313 4446 nescio

156 4473 217 4554 qui
239 4473 353 4542 similis
376 4476 564 4560 argumenti,
587 4477 702 4559 quibus
723 4476 780 4544 liat
801 4476 932 4544 fabulae
955 4477 1124 4544 conclusio.
1216 4474 1218 4476 ’
