2940 5144
181 587 243 647 154
571 587 747 642 Gualtharlus
765 586 939 643 Brachmanu

179 796 222 807 -
244 758 431 844 saepissime
453 758 536 824 euim
558 758 659 821 ocolus
679 759 907 825 uocabulorum
930 768 1065 833 astulas,
1089 757 1240 833 collidus,
1264 780 1344 822 ucr-

177 872 266 925 sutus
287 861 353 928 'uim
374 865 492 943 aequat
514 896 554 906 -
577 866 644 926 tum
666 879 777 927 uersus
802 864 881 925 1131
905 861 1065 945 analogia.
1097 934 1102 941 ⁸

263 962 471 1046 Aliquantum
485 961 634 1028 licentiae
648 962 741 1029 nobis
762 961 954 1046 sumpsimus
976 961 1071 1029 1111
1093 980 1223 1047 genere,
1245 961 1336 1043 quod

178 1064 357 1132 continetur
385 1062 582 1130 sermonis
605 1062 788 1147 partibus
810 1063 916 1130 inter
938 1062 1103 1146 dialogi
1127 1082 1335 1148 personas

179 1162 498 1233 distribuendis:
528 1183 600 1229 eam
622 1170 745 1247 tamen,
774 1184 869 1246 quam
892 1163 1109 1246 unusquisque
1130 1165 1214 1232 ultro
1236 1166 1335 1233 nobis

180 1265 351 1350 concedet,
381 1265 435 1348 qui
461 1266 615 1348 quantula
635 1265 678 1332 sit
699 1266 761 1331 hac
782 1266 815 1331 in
836 1287 871 1332 re
893 1266 946 1333 uel
966 1265 1092 1332 Veteris
1119 1264 1201 1333 fides
1228 1266 1334 1334 incre-

177 1368 272 1434 dibili
293 1374 496 1452 peccatorum
517 1367 696 1448 frequentia
719 1365 830 1434 doctus
858 1364 1083 1452 perncuerit¹).
1126 1365 1197 1445 Quo
1226 1368 1335 1451 magis

178 1468 213 1535 id
228 1467 401 1535 uidendum
416 1474 494 1552 erat,
517 1473 552 1533 ut
566 1466 691 1534 firmum
710 1467 842 1551 aliquod
862 1468 1103 1536 fundamentum
1124 1467 1217 1536 nobis
1237 1490 1336 1553 para·
1404 1486 1407 1491 ’

179 1590 295 1654 remus,
317 1569 402 1637 unde
423 1568 675 1654 proficisceretur
697 1569 879 1654 disputatio.

215 1674 218 1679 ’
264 1673 313 1738 Ac
334 1690 428 1737 uersu
449 1669 579 1753 quidem
604 1674 695 1753 1131,
725 1690 818 1753 quem
840 1671 915 1738 libri
937 1690 1049 1738 omnes
1076 1669 1212 1754 (scilicet
1232 1671 1263 1737 si
1286 1692 1337 1738 re·

180 1773 269 1840 cedis
291 1791 312 1836 1
333 1772 512 1839 10111111111
527 1792 622 1839 manu
637 1772 705 1856 Db)
729 1772 758 1840 11
773 1773 965 1855 continuant,
989 1770 1078 1838 cuius
1100 1779 1168 1839 erat
1186 1791 1220 1838 u.
1238 1776 1338 1858 1130,

180 1873 282 1940 multo
310 1872 415 1958 aptius
444 1872 488 1938 ad
515 1874 599 1939 hunc
626 1872 811 1957 responderi
840 1874 904 1940 iam
933 1872 1125 1941 Ritschelius
1151 1876 1339 1960 perspexit,

179 1975 340 2056 similique
368 1974 410 2042 de
438 1994 535 2042 causa
563 1973 649 2041 idem
678 1979 753 2040 ante
783 1994 812 2040 u.
838 1978 919 2039 1129
940 1994 1155 2058 personarum
1183 1977 1340 2045 mutatio·

180 2099 254 2145 nem
275 2077 476 2160 significauit.
521 2074 614 2154 Quod
641 2076 670 2142 si
698 2076 767 2143 iure
793 2077 914 2144 factum
942 2096 1013 2143 esse
1043 2076 1205 2145 concedis:
1235 2080 1340 2161 quale

178 2179 261 2247 illud
282 2199 353 2247 esse
375 2177 592 2260 censebimus,
622 2177 709 2258 quod
731 2199 760 2245 u.
780 2183 858 2244 1131
883 2180 1013 2245 ineunte
1036 2178 1133 2246 ceteri
1160 2178 1236 2245 libri
1264 2181 1341 2249 sinc

180 2281 278 2348 dubio
302 2287 389 2348 recte
411 2280 548 2343 Ecastor
577 2279 744 2363 exhibent,
774 2281 860 2347 solus
881 2281 909 2345 B
937 2279 1030 2342 Haec
1052 2280 1181 2345 omum?
1217 2280 1341 2371 Nonne

179 2381 333 2450 credibile
348 2388 398 2449 est
413 2381 488 2448 olim
503 2380 584 2447 haec
604 2382 723 2465 scripta
744 2382 855 2448 fuisse:
878 2378 1205 2447 BACECAsTOR?
1239 2381 1341 2463 Quod

181 2484 310 2567 quidem
326 2503 422 2565 quum
439 2482 534 2549 facile
549 2482 582 2547 in
598 2480 898 2546 HAECCASTOR
920 2481 1056 2549 transire
1077 2483 1217 2568 potuerit
1238 2504 1339 2554 nemo

179 2607 244 2653 non
265 2584 370 2652 uidet:
398 2583 525 2649 utiam
553 2583 772 2650 euanescentis
800 2583 953 2668 pristinae
981 2584 1158 2668 scripturae
1182 2594 1342 2672 surrupta

179 2686 334 2771 uestigia,
358 2682 416 2751 sed
438 2683 553 2749 eadem
574 2704 637 2750 non
660 2685 773 2750 mutila
795 2687 895 2752 Vetus
917 2684 1044 2754 tradere
1065 2685 1231 2770 uideatur,
1261 2708 1341 2757 cum

180 2789 213 2852 in
234 2787 430 2868 reliquorum
457 2783 632 2870 archetypo
661 2787 757 2870 plane
785 2788 850 2853 iam
880 2788 1039 2854 exstincta
1059 2789 1155 2854 fuerit
1174 2808 1341 2872 personae

180 2887 388 2972 significatio,
416 2886 486 2970 ipso
517 2887 645 2968 quidem
674 2888 825 2956 orationis
854 2887 1009 2973 principio
1038 2888 1164 2955 fidelius
1193 2898 1340 2960 seruato.

179 2989 250 3056 Hoc
272 2989 300 3055 si
321 2987 532 3074 probabiliter
553 2989 706 3075 suspicati
728 3009 853 3074 sumus,
882 2990 1094 3057 inueteratum
1115 2990 1197 3057 illud
1218 2991 1341 3061 uitium

178 3092 244 3158 iam
266 3090 540 3176 exoptatissimam
563 3090 748 3176 suppeditat
776 3100 904 3158 nostrae
933 3091 1112 3173 quaestioni
1140 3110 1272 3159 ansam:
1305 3098 1340 3161 in
1384 3154 1395 3173 ,

178 3193 395 3260 uetustissimo
411 3192 495 3259 euim
511 3192 650 3274 quodam
667 3193 750 3260 libro
772 3229 814 3239 -
836 3192 958 3259 scilicet
981 3212 1076 3274 quem
1097 3190 1339 3277 grandiusculis

179 3295 293 3362 litteris
315 3295 527 3380 conscriptum
548 3295 646 3360 fuisse
665 3301 800 3379 apparet
822 3332 863 3341 -
885 3315 997 3362 uersus
1024 3296 1080 3362 ille
1102 3293 1259 3361 Bacchidi
1281 3298 1338 3364 tri·

179 3395 348 3462 busbatur.
391 3395 442 3460 Ab
465 3395 526 3462 hoc
547 3396 645 3477 igitur
667 3416 761 3462 uersu
783 3397 917 3481 profecti
939 3403 1046 3464 cetera
1073 3401 1105 3464 et
1134 3415 1217 3479 quae
1244 3404 1337 3465 ante-

180 3495 298 3563 cedunt
320 3502 353 3562 11
375 3515 457 3578 quae
479 3504 653 3578 sequuntur
674 3498 707 3562 in
729 3518 792 3565 rec.
814 3499 844 3564 A
872 3498 979 3565 omnia
1007 3497 1231 3582 disposuimus.
1277 3500 1337 3565 At-

181 3617 242 3679 que
264 3597 296 3663 in
318 3598 412 3665 tertio
434 3598 476 3663 ab
496 3597 586 3663 initio
608 3619 702 3665 uersu
725 3597 851 3682 (11211)
872 3605 907 3665 11
928 3600 1052 3667 Sororis
1075 3618 1203 3683 quoque
1224 3598 1338 3685 aliqua

268 3747 368 3812 111111
391 3745 582 3814 neglegendum
606 3753 735 3815 quantum
757 3750 785 3802 in
807 3749 859 3803 bac
879 3749 1050 3818 potissimum
1075 3762 1175 3803 scaena
1196 3747 1250 3817 ipsi
1271 3746 1337 3803 libri

179 3830 298 3885 1111111
320 3831 454 3885 differant.
490 3830 617 3899 Accedit,
642 3833 714 3901 quod
737 3835 881 3903 plerasque
904 3840 984 3890 11111
1007 3849 1120 3903 prorsus
1144 3830 1336 3888 omiseruntc

180 3920 208 3968 ct
224 3915 280 3969 Da:
305 3931 373 3984 quas
390 3914 609 3984 peruersissimas
627 3932 709 3986 11111
726 3918 889 3973 addiderunt
906 3920 929 3972 F
948 3925 976 3973 et
992 3919 1029 3984 Z,
1053 3918 1134 3986 longe
1149 3916 1337 3986 ineptissimus

179 3999 280 4068 ubique
298 4000 354 4053 lere
372 4000 424 4053 Db.
461 3999 537 4055 Unde
555 4001 688 4070 conligere
704 4003 769 4058 licet
785 4003 840 4057 iam
863 4003 1040 4074 archetypum
1056 4001 1245 4057 Palatinarum
1266 4004 1338 4061 satis

178 4100 276 4153 111111
288 4084 316 4138 11
328 4085 380 4138 boc
391 4098 489 4152 genere
507 4085 601 4140 turbas
619 4102 730 4156 passum
748 4103 816 4142 esse.
844 4087 920 4154 Quae
937 4088 1044 4157 quidem
1061 4085 1122 4141 fieri
1138 4101 1195 4141 non
1210 4088 1339 4157 potuisse

179 4169 245 4236 quin
262 4170 307 4224 uel
326 4168 459 4238 plurimae
482 4185 517 4224 cx
539 4171 600 4239 ipsa
623 4177 802 4227 nascerentur
823 4172 938 4226 duarum
960 4170 1150 4227 recensionum
1173 4170 1340 4231 confusione
1393 4234 1399 4243 ,

180 4254 235 4305 tum
248 4268 381 4322 apparere
393 4270 443 4308 sua
459 4259 555 4324 sponte
571 4261 647 4325 puto,
665 4262 765 4311 utnon
782 4256 931 4312 uerendum
949 4257 985 4311 sit
1002 4271 1045 4322 ne,
1063 4256 1109 4326 qui
1127 4256 1248 4312 modeste
1265 4257 1342 4315 iudi-

181 4350 244 4390 care
262 4336 393 4405 didicerit,
411 4341 589 4396 temeritatem
607 4341 684 4395 nobis
703 4341 812 4396 obiciat.
