2940 5144
364 681 405 734 De
424 679 588 734 Bacchidum
606 677 748 732 Plautinae
766 677 959 732 retractatione
977 668 1131 732 sesenna
1165 643 1172 649 ἱ
1268 673 1307 735 91

159 873 218 920 nec
233 859 341 919 lamen
362 870 382 914 a
404 851 572 916 uerborum
596 854 652 914 aut
673 867 768 913 seusu
790 852 846 913 abt
868 848 1099 915 constructione
1121 849 1220 913 ullum
1243 869 1309 914 cor-

159 954 304 1038 ruptelae
326 950 476 1017 iudicium
499 950 565 1032 peti
587 955 706 1033 potest;
736 949 833 1014 immo
855 955 998 1033 praestat
1019 949 1231 1015 nominatione
1253 947 1309 1016 ad-

159 1056 267 1120 iectiui
291 1053 321 1120 ei
345 1050 430 1136 quod
452 1051 653 1116 Hermannus
675 1051 781 1134 posuit
802 1052 942 1133 iqaouio,
972 1051 1011 1116 ci.
1035 1070 1087 1117 uu.
1110 1055 1182 1114 541.
1199 1055 1259 1113 542
1273 1051 1308 1133 ¹).

158 1156 256 1221 Haud
278 1144 353 1220 uero
376 1173 467 1220 secus
489 1152 642 1220 orationis
663 1152 839 1236 integritati
860 1153 952 1218 obest
980 1151 1082 1234 magis
1110 1169 1206 1232 quam
1235 1153 1309 1218 sub-

159 1257 247 1322 uenit
268 1277 297 1322 u.
315 1259 386 1321 548.
420 1256 504 1320 Nam
520 1260 554 1320 ut
568 1250 712 1320 omittam
733 1255 868 1320 subiecti
889 1254 1003 1320 iterum
1026 1252 1103 1318 elati
1124 1252 1309 1335 importuni-

159 1363 267 1441 tatem,
290 1357 393 1442 ipsam
416 1357 604 1423 seutentiam

209 1506 303 1578 Atque
321 1509 337 1572 i,
357 1523 386 1562 se
405 1523 484 1575 quom
502 1505 645 1571 frustraut,
663 1506 789 1561 frustrari
807 1506 875 1561 alios
894 1505 1018 1559 stolidi
1036 1505 1253 1560 existumant

158 1646 199 1711 ab
217 1644 286 1712 eius
302 1644 488 1711 condicione
504 1648 638 1729 apparet
660 1644 887 1710 alienissimam
910 1663 990 1725 esse,
1014 1643 1068 1725 qui
1090 1645 1160 1728 ipse
1182 1663 1217 1710 se
1239 1644 1308 1708 iun·

159 1746 243 1811 ditus
259 1745 444 1812 frustratum
459 1765 530 1813 esse
550 1745 720 1829 existimat,
742 1746 898 1830 perfidum
921 1747 1056 1812 amicum
1081 1746 1239 1827 quomodo
1261 1746 1308 1810 ul-

159 1847 294 1912 ciscatur
316 1866 378 1911 non
401 1848 508 1912 habet.

244 1946 333 2024 Quae
357 1968 426 2013 cum
449 1949 495 2013 ita
517 1949 589 2032 sint,
615 1950 727 2032 horum
749 1949 976 2015 uersiculorum
999 1950 1137 2033 ineptias
1160 1950 1307 2031 equidem
1377 2023 1378 2026 Ἴ

158 2068 272 2116 censeo
296 2049 364 2114 eius
387 2049 448 2115 arti
470 2070 532 2115 uon
557 2069 633 2116 esse.
649 2048 891 2131 relinquendas,
923 2050 978 2131 qui
999 2055 1120 2116 ceteros
1149 2071 1211 2141 non
1239 2051 1308 2115 siue

112 2174 115 2179 ’
158 2152 296 2236 quadam
310 2151 488 2231 elegantiae
500 2151 607 2235 specle
623 2150 794 2216 effinxerit:
812 2171 944 2233 quorum
959 2152 1094 2217 alterum
1109 2149 1199 2233 (544)
1213 2151 1307 2216 inter·
1353 2187 1358 2195 ·

157 2251 310 2336 polatoris
333 2251 520 2331 loquacitati
543 2249 652 2317 deberi
682 2253 833 2334 arbitror,
857 2272 1051 2336 operamque
1073 2252 1223 2337 perdere,
1254 2252 1308 2333 qui

158 2354 264 2420 uersui
282 2373 465 2419 succurrere
480 2352 580 2419 uelint
602 2352 802 2436 mutando²):
831 2353 967 2419 alterum
988 2352 1088 2437 (548),
1119 2372 1213 2434 quem
1235 2354 1308 2419 libri
1338 2398 1340 2404 ,

157 2457 204 2520 sic
225 2456 292 2521 iere
315 2460 481 2519 exaratum
504 2454 671 2529 exhibent:

250 2589 340 2655 Atque
358 2587 376 2640 ii
394 2586 434 2653 (lu'
442 2587 517 2653 CbD,
535 2587 580 2642 'bic
591 2586 686 2652 Cat'se
705 2603 765 2642 cum
783 2586 957 2655 frustrantur,
975 2586 1104 2643 frustrari
1120 2603 1145 2642 a.
1157 2603 1178 2641 s.
1190 2554 1212 2641 e,

157 2724 357 2808 grammatici
373 2724 479 2790 nescio
503 2725 592 2790 cuius
615 2743 685 2792 esse
706 2722 1002 2811 adnotatiunculam
1026 2746 1066 2793 ex
1089 2724 1307 2792 recordatione

157 2828 219 2893 loci
235 2825 400 2893 cuiusdam
414 2827 562 2909 paralleli
577 2831 680 2891 ortam
692 2825 736 2909 ³),
760 2836 855 2910 quem
879 2828 933 2909 qui
954 2829 997 2895 ob
1020 2826 1216 2893 consimilem
1238 2830 1311 2893 uer-'

157 2949 247 2994 suum
265 2931 385 3011 546sq.
410 2928 601 2994 sententiam
617 2927 822 3011 adscriberet,
844 2950 885 2995 ne
903 2929 1043 2996 uoluisse
1065 2929 1155 2994 illum
1178 2921 1308 3009 quidem

158 3049 283 3095 uersum
307 3028 432 3095 efficere
456 3029 613 3095 existimo.
745 3108 751 3114 θ
1289 3026 1290 3032 ’

242 3129 359 3196 EieoIIs
381 3129 477 3210 igitur
499 3130 700 3213 glossematis
723 3130 803 3194 haec
825 3131 893 3195 fere
919 3129 1014 3195 oredo
1044 3150 1084 3195 cx
1113 3131 1231 3196 ueteris
1260 3151 1307 3196 re-

156 3230 336 3296 tractatoris
359 3230 491 3314 consilio
513 3229 547 3293 in
568 3249 683 3296 scaeua
705 3231 839 3295 recitata
865 3249 948 3295 esse:

189 3361 284 3414 PlST:
304 3359 383 3414 Metti
396 3376 469 3414 more
481 3360 533 3414 isto
551 3358 632 3429 aitque
651 3361 773 3429 exemplo
791 3361 895 3426 uiuent,
914 3376 981 3429 quos
1000 3377 1083 3429 quom
1099 3357 1211 3415 censeas
1257 3367 1307 3416 540

191 3432 260 3498 Esse
278 3443 388 3508 amicos,
406 3441 579 3512 reperiuntur
596 3444 659 3499 falsi
676 3445 845 3509 falsimoniis,

191 3529 296 3595 Lingua
313 3526 430 3593 factiosi,
449 3529 549 3583 inertes
568 3530 658 3597 opera,
678 3527 799 3584 sublesta
816 3529 880 3583 fide:

191 3613 289 3669 Nullus
309 3616 357 3678 est,
376 3613 438 3681 quoi
456 3615 510 3667 non
527 3613 668 3669 inuideaut
685 3614 740 3668 rem
760 3613 906 3670 secundam
925 3610 1070 3682 optingere.
1257 3620 1306 3670 543

245 3820 267 3879 4)
286 3814 453 3884 Quamquam
465 3815 576 3870 nimium
589 3816 674 3872 fuIsse
686 3817 715 3871 In
727 3818 891 3886 aequalitate
904 3816 1047 3872 efficIenda
1060 3815 1213 3871 Acidafium
1231 3823 1306 3885 puto,

155 3900 201 3969 qui
219 3916 247 3953 u.
264 3903 312 3954 542
330 3899 444 3954 subiecti
460 3900 542 3955 scribi
560 3901 652 3970 iussit;
672 3902 706 3956 ef.
726 3902 800 3957 Pers.
821 3906 879 3956 348.

242 3987 267 4048 2)
285 3982 319 4036 H.
338 3983 371 4037 A.
390 3983 524 4037 Kochium
547 3985 676 4050 maxime,
701 3985 746 4053 qui
769 3986 796 4039 iu
822 3987 891 4041 Mus.
911 3986 998 4040 Rben.
1018 3992 1090 4042 tomo
1108 3985 1187 4042 XXV
1210 4004 1237 4055 p.
1257 3991 1306 4041 622

154 4069 226 4123 hanc
244 4068 386 4136 proposuit
405 4069 600 4122 contecturam:
619 4071 672 4124 sibi
688 4086 750 4124 nec
767 4070 926 4126 lucidentur
941 4112 946 4124 .
959 4113 964 4126 .
977 4114 983 4126 .
995 4113 1019 4126 ..
1039 4076 1203 4138 (uec=ne).

242 4155 267 4217 3)
278 4151 431 4228 *Spectasse
449 4168 509 4207 eum
527 4153 587 4207 ueri
610 4153 753 4207 admodum
777 4155 862 4210 ciuile
887 4156 921 4210 ad
939 4156 1101 4209 Ennianum
1118 4155 1193 4208 illum
1217 4157 1306 4210 locum

154 4240 215 4302 (sat.
228 4237 306 4290 iuel
324 4237 412 4303 Vahl,
431 4236 465 4292 ci.
485 4237 587 4291 Hertzii
606 4238 721 4292 Gellium
738 4236 830 4292 XVIII
843 4244 881 4305 2),
900 4240 947 4294 ubi
963 4239 1066 4293 luditur
1084 4239 1168 4294 trariis
1186 4242 1306 4296 uocabu-

155 4320 242 4374 lorum
265 4320 403 4389 frustrart
419 4325 446 4376 et
462 4323 572 4392 frastra
590 4338 647 4376 esse
670 4322 833 4392 rationibus;
859 4325 935 4379 cuius
959 4324 1013 4379 loci
1036 4339 1078 4378 me
1102 4326 1308 4382 commonefecit

157 4403 186 4457 0.
206 4403 348 4457 Ribbeckii
366 4406 525 4474 benignitas.
