2940 5144
242 553 282 615 82
581 532 586 541 ⁸
644 553 820 609 Gualtharius
838 554 1010 609 Brachmann

241 745 314 808 sum
338 731 373 790 ut
390 732 513 791 taccam
528 722 755 807 Niemeyerum
770 724 801 807 ¹),
824 743 918 805 quem
934 724 1032 789 nimia
1048 725 1176 805 quidem
1196 727 1269 791 libri
1285 730 1396 796 Ambr.

243 824 455 892 admiratione
478 829 605 909 captum
628 824 812 908 longissime
841 824 882 889 ab
912 822 1023 890 horum
1053 845 1201 891 uersuum
1230 827 1396 894 intellectu

243 927 359 994 abesse
374 927 446 1011 ipsa
461 925 567 1010 prodit
582 945 678 1007 quam
698 925 867 1009 adscripsit
889 923 951 990 loci
973 924 1200 1006 interpretatio.
1239 927 1395 991 Neutrum

243 1029 430 1113 scripturam
457 1029 575 1095 reicere
597 1026 811 1108 Kiesslingius
839 1025 874 1106 (l.
890 1046 914 1092 s.
932 1047 956 1092 s.
972 1048 1003 1110 p.
1021 1026 1074 1107 18)
1104 1043 1201 1090 ausus
1230 1032 1292 1107 cst,
1323 1046 1394 1090 cum

243 1131 286 1196 ad
303 1131 461 1216 duplicem
479 1129 571 1194 huius
589 1147 725 1194 scaenae
746 1128 961 1194 recensionem
984 1127 1067 1192 hauc
1088 1126 1190 1209 ipsam
1213 1126 1394 1209 discrepan-

242 1235 318 1299 tiam
334 1233 493 1317 pertincre
505 1235 692 1295 autumaret.
720 1228 763 1295 At
778 1249 846 1291 arco
860 1228 1036 1294 rectissime
1048 1228 1190 1312 reposuit
1201 1227 1395 1292 Fritzsclrius

242 1333 311 1400 Ind.
333 1335 405 1399 lect.
427 1338 505 1397 aest.
524 1330 672 1397 Rostoch.
695 1327 724 1396 ass
744 1333 825 1396 1840
847 1350 877 1413 p.
896 1335 930 1393 5:
953 1327 1041 1399 aliud
1064 1329 1148 1393 enim
1172 1328 1277 1393 dicere
1300 1329 1394 1403 uelle,

243 1433 331 1500 aliud
356 1453 429 1499 uere
452 1433 559 1498 dicere
581 1437 756 1498 amatorem
778 1430 913 1496 ridicule
935 1429 1198 1496 minitabundum.

329 1534 420 1613 Quae
442 1534 571 1616 quidem
593 1533 750 1617 scriptura
778 1533 849 1615 ipsa
878 1531 1028 1598 librorum
1059 1530 1274 1615 discrepantia
1304 1532 1395 1597 unice

172 1620 182 1629 ³
243 1637 405 1721 probatur.
451 1634 534 1713 Quid
557 1635 665 1700 enim?
696 1634 725 1699 si
746 1634 879 1698 Plautus
900 1633 1080 1716 scripsisset
1102 1652 1173 1713 sao,
1199 1652 1273 1697 num
1298 1653 1394 1698 causa

244 1738 322 1803 satis
345 1742 421 1821 apta
443 1736 588 1818 intellegi
611 1740 734 1819 posset,
764 1754 819 1800 cur
845 1733 1001 1818 interpres
1031 1733 1226 1800 adscriberet
1248 1754 1331 1815 mco,
1361 1734 1394 1798 id

244 1837 329 1920 quod
345 1840 444 1903 multo
461 1835 701 1904 reconditiorem
716 1834 962 1918 explicationem
978 1835 1139 1916 requirere
1155 1842 1299 1919 apertum
1322 1836 1394 1900 esti

245 1942 343 2004 Immo
359 1940 441 2005 siout
455 1938 498 2004 ad
515 1959 545 2004 u.
563 1943 623 2003 505
648 1938 723 2003 olim
747 1956 803 2019 epo
825 1937 925 1999 istunc
947 1939 1052 1999 raaltrlr
1074 1938 1209 2000 ulciscor·
1230 1936 1331 1998 raedis
1352 1938 1395 2002 ab

131 2052 135 2057 '
243 2062 281 2109 eo
304 2040 500 2124 adscriptum
522 2038 595 2120 fuit,
625 2038 679 2119 qui
701 2058 741 2104 ex
763 2036 989 2104 enuntiationis
1015 2038 1171 2123 principio
1203 2037 1396 2104 concludens

244 2141 398 2208 sensisset
420 2140 600 2224 exspectari
622 2138 814 2221 ulciscendi,
841 2159 903 2205 non
926 2139 1056 2206 amandi
1079 2139 1343 2221 significationem
1356 2141 1396 2221 ²):

244 2243 287 2308 ad
309 2243 479 2325 genuinam
500 2241 688 2325 scripturam
711 2261 779 2303 areo
802 2241 889 2308 idem
912 2241 1046 2308 tortasse
1069 2247 1161 2307 uetus
1186 2241 1397 2323 interpres

221 2339 230 2352 ⁴
244 2342 370 2410 addidit
385 2365 452 2427 suo,
474 2343 541 2409 scil.
557 2340 662 2405 dicere
677 2342 785 2408 uoluit.
819 2342 924 2423 Atque
938 2343 971 2408 in
987 2341 1142 2408 Palatinis
1161 2343 1290 2424 quidem
1305 2341 1397 2409 libris

244 2452 377 2525 utroque
393 2445 463 2523 loco
479 2451 647 2524 utrumque
663 2448 823 2509 seruatum
847 2444 945 2527 ostii:
970 2444 1174 2510 Ambrosiani
1197 2444 1252 2527 qui
1274 2445 1398 2509 curauit

244 2547 461 2613 recensionem
471 2545 507 2627 4),
532 2563 602 2610 cum
619 2542 778 2626 duplicem
793 2549 921 2627 putaret
936 2544 1017 2610 tradi
1041 2546 1238 2630 scripturam,
1262 2546 1397 2611 alteram

246 2666 381 2727 eamque
396 2643 661 2730 praestantiorem
677 2643 813 2724 elegisse
828 2645 890 2712 sibi
905 2644 993 2712 uisus
1010 2648 1114 2713 solum
1134 2648 1395 2729 interpretamen-

245 2755 311 2813 tum
335 2745 395 2811 hoe
417 2745 524 2828 10005)
545 2745 578 2809 in
601 2748 784 2811 contextum
806 2748 940 2832 recepit:
970 2746 1004 2813 id
1027 2749 1113 2831 quod
1136 2747 1222 2814 haud
1245 2749 1342 2814 semel
1367 2748 1397 2813 ei

246 2845 403 2914 accidisse
427 2846 552 2914 uidetur
562 2845 598 2930 ⁶).

332 3018 354 3076 1)
374 3012 416 3068 lie
427 3011 525 3067 Plauti
532 3013 693 3082 fabularum
711 3016 868 3070 recursione
885 3015 996 3086 duplici,
1015 3016 1104 3070 Berol.
1125 3020 1198 3082 1811,
1216 3033 1241 3085 p.
1255 3020 1295 3070 35.
1321 3015 1398 3069 Idem

244 3114 294 3153 suo
312 3097 453 3166 Ussingius
471 3097 581 3167 recepit.

331 3186 356 3249 2)
375 3180 416 3236 cf.
429 3180 571 3236 Ritschelii
588 3180 788 3240 adnotationem
802 3184 836 3238 ad
848 3201 875 3239 u.
887 3188 944 3249 501,
963 3183 1112 3239 Hermanni
1124 3184 1158 3238 ad
1170 3200 1197 3237 u.
1208 3188 1257 3238 413
1267 3187 1294 3238 et
1303 3183 1396 3238 415Η.

271 3260 274 3269 ’
330 3269 356 3331 3)
373 3265 433 3320 Nisi
445 3267 517 3333 quod
529 3282 626 3322 uersus
640 3273 689 3322 505
701 3269 844 3337 glossema,
863 3284 918 3324 una
931 3285 991 3334 cum
1004 3269 1057 3323 alio
1074 3269 1190 3337 quodam
1208 3268 1279 3336 quod
1291 3273 1399 3337 spectat

244 3351 318 3406 adu.
334 3354 381 3404 501
398 3364 415 3404 a
428 3349 599 3406 diasceuasta
611 3353 639 3405 in
652 3353 731 3407 unius
745 3354 873 3408 uersiculi
886 3354 1003 3422 speciem
1015 3354 1161 3420 redactum,
1180 3357 1269 3408 exstat
1279 3354 1308 3408 in
1324 3352 1396 3406 BGD

242 3437 307 3506 post
324 3439 382 3488 501.

329 3524 355 3586 4)
373 3518 566 3573 Recensionem
578 3517 696 3586 intellegi
713 3517 794 3572 uelim
811 3520 1020 3587 grammaticam,
1038 3528 1093 3577 nori
1106 3520 1245 3576 histricam
1259 3535 1275 3574 a
1288 3518 1398 3575 domiuo

243 3604 330 3673 gregis
349 3603 464 3672 quodam
483 3604 617 3668 curatam,
637 3601 762 3670 quoniam
781 3603 964 3671 exemplorum
983 3605 1062 3673 copia
1080 3620 1127 3660 eae
1144 3605 1209 3659 mihi
1226 3604 1337 3673 probari
1354 3604 1397 3659 ui-

244 3688 341 3742 dentur
357 3687 486 3753 rationes,
505 3701 572 3754 quas
591 3690 685 3741 contra
699 3685 809 3754 Bergkii
828 3687 860 3740 de
874 3687 1058 3743 Palatiuorum
1072 3690 1200 3744 librorum
1211 3687 1398 3744 Ambrosiani-

244 3786 296 3838 quc
314 3770 496 3838 discrepantia
514 3769 673 3824 senteutiam
693 3770 792 3840 (symb.
811 3769 846 3824 ad
862 3786 973 3839 gramm.
990 3774 1038 3828 lat.
1057 3775 1070 3827 l
1088 3792 1113 3844 p.
1133 3779 1189 3829 131.
1202 3779 1257 3829 135.
1271 3778 1316 3828 131
1328 3789 1397 3842 sqq„

245 3855 278 3910 cf.
302 3853 508 3909 Fleckeisenum
537 3853 608 3907 Nou.
631 3854 720 3908 annal.
745 3860 764 3907 t.
787 3859 831 3909 101
856 3870 880 3909 a.
903 3860 966 3910 1810
989 3873 1015 3925 p.
1043 3862 1091 3913 100
1108 3865 1176 3927 sqq.)
1202 3857 1325 3927 exposuit
1349 3858 1397 3912 Fr.

244 3939 392 3995 Schoellius
416 3937 539 3992 Analect.
563 3937 650 3992 Plaut.
675 3955 701 4007 p.
724 3942 816 4008 1-—143
842 3939 875 3993 cf.
901 3939 971 3994 Guil.
991 3941 1204 3998 Studemundum
1228 3939 1396 4010 ‘Festgruss’

242 4041 268 4093 p.
288 4028 320 4079 38
330 4039 370 4092 sq·
921 4064 923 4069 ·

329 4110 355 4174 5)
372 4107 415 4161 De
431 4106 582 4175 posteriore
599 4106 670 4161 enim
686 4108 733 4162 illo
752 4123 807 4162 non
823 4107 919 4176 liquet:
938 4108 1002 4164 uide
1019 4109 1163 4166 Ritschelii
1181 4127 1243 4180 app.
1263 4110 1322 4166 crit.

330 4196 355 4260 0)
372 4192 505 4261 Exempla
520 4192 634 4261 praebet
651 4191 836 4248 Schoellianus
855 4207 933 4261 quem
950 4193 1029 4249 modo
1052 4184 1172 4251 indicaui
1193 4196 1300 4251 libellus
1325 4210 1351 4264 p.
1373 4202 1397 4265 1,

243 4275 277 4332 ci.
291 4277 477 4347 Niemeyerum
489 4276 506 4329 l.
517 4276 534 4330 l.
544 4292 571 4345 p.
581 4281 612 4331 41
633 4281 714 4345 atque
726 4277 797 4334 illius
812 4277 1043 4335 commentationis
1059 4295 1197 4338 censorem
1216 4281 1261 4335 Fr.
1273 4278 1398 4336 Schmid-
