2940 5144
231 323 272 383 72
634 319 808 375 Gueltharius
826 318 999 374 Brachmann

231 494 360 579 quando
377 511 417 560 ne
433 490 475 559 ad
491 490 626 559 eandem
642 489 770 575 quidem
786 510 955 575 personam
977 495 1109 571 uterque
1133 491 1221 557 locus
1243 491 1388 578 respicit,

232 597 361 665 omnino
384 594 463 661 nihil
485 593 584 660 habet
605 593 800 661 offensionis.
840 595 923 660 Nam
947 591 1032 674 quod
1055 593 1283 658 sententiarum
1306 614 1386 676 quo-

233 716 295 781 que
317 688 466 779 rationes,
491 715 562 762 cum
584 695 626 761 ab
649 693 845 777 aequalitate
866 693 924 758 illu
945 693 1124 774 recesseris,
1148 692 1183 757 id
1205 695 1387 780 efflagitare

225 804 337 886 putat,
367 805 401 865 ut
422 816 534 864 uersus
557 800 619 862 784
643 797 789 878 continuo
820 794 997 879 excipiatur
1024 813 1118 862 uersu
1141 799 1220 876 787,
1249 797 1386 864 uerbum

230 903 377 965 minitare
399 921 470 968 oum
492 899 572 966 nihil
593 898 729 982 habeat,
758 917 821 979 quo
843 900 997 965 referatur
1010 895 1049 982 1);
1079 898 1180 964 falsus
1211 905 1266 964 est.
1310 901 1386 967 Nisi

231 1003 316 1070 enim
338 1001 465 1070 omnino
488 1001 522 1066 in
543 1020 668 1066 summa
690 1018 786 1084 quam
810 999 958 1084 Chrysali
979 1001 1079 1065 uerba
1109 1018 1186 1083 prae
1216 1020 1250 1066 se
1279 1003 1388 1067 ferunt

230 1103 440 1188 impudentia,
464 1121 546 1186 quae
563 1100 691 1183 quidem
709 1099 859 1168 distincta
881 1109 929 1168 est
951 1106 1036 1167 tecta
1058 1102 1164 1167 nescio
1189 1120 1252 1183 qua
1274 1105 1388 1187 negle-

231 1203 386 1288 gentia²)‚
409 1205 489 1269 mire
512 1224 551 1270 ea
573 1202 616 1269 ed
637 1202 839 1269 formidinem
857 1203 1054 1270 inserendam
1070 1208 1155 1287 apta,
1178 1205 1256 1270 satis
1276 1204 1388 1275 inesse

232 1327 349 1374 causae
365 1323 507 1386 censeas,
531 1324 586 1370 cur
600 1304 741 1370 irritatus
756 1323 828 1369 erus
848 1303 1005 1386 simulque
1024 1325 1143 1388 pauore
1165 1305 1309 1372 adfectus
1333 1308 1388 1374 his

232 1408 341 1474 uerbis
369 1407 403 1472 in
433 1427 558 1472 seruum
587 1405 770 1471 inuehatur:
800 1407 893 1468 otiam
922 1408 1082 1479 minitare,
1113 1406 1305 1490 carnufici,
1335 1430 1387 1476 re-

235 1508 353 1592 spicias
375 1508 472 1575 uelim
495 1528 577 1590 quae
600 1507 774 1592 Chrysalus
798 1506 923 1599 dixerat
944 1519 1049 1592 spectu
1071 1529 1138 1570 rom
1161 1508 1269 1592 modo,
1299 1529 1388 1591 quae

232 1608 295 1675 nisi
310 1608 352 1675 ad
367 1608 537 1675 imminens
556 1607 688 1689 aliquod
711 1609 830 1675 malum
853 1609 1021 1676 reserenda
1044 1615 1126 1693 sunt,
1149 1611 1296 1676 nimirum
1321 1630 1388 1693 quo

231 1711 371 1777 futurum
386 1711 478 1777 situl
493 1716 604 1796 aperta
618 1710 676 1776 fiat
689 1709 774 1776 serui
796 1709 987 1794 innocentia,
1009 1711 1169 1793 quomodo
1192 1712 1390 1796 explicanda

231 1810 296 1877 sint
311 1811 460 1896 equidem
474 1813 591 1880 nescio.
627 1813 729 1877 Immo
745 1831 858 1878 uereor
880 1835 920 1880 ne
943 1813 1020 1897 quid
1042 1811 1214 1895 desideres,
1237 1814 1265 1880 si
1280 1814 1387 1883 Lade-

231 1913 328 1996 wigio
358 1919 487 1981 auctore
516 1934 642 1982 uersum
672 1916 732 1978 787
763 1913 871 1980 statim
902 1914 1135 1981 continuaueris
1168 1915 1274 1981 uersui
1305 1920 1388 1984 784:

231 2016 348 2082 uocula
369 2037 450 2078 nano
472 2022 557 2083 certe
579 2036 609 2081 u.
633 2017 692 2081 787
717 2020 783 2081 tam
806 2035 1018 2100 cupresseae
1043 2016 1257 2099 significanter
1285 2038 1387 2105 oppo-

231 2116 317 2183 nitur
335 2116 366 2183 ei
388 2117 474 2198 quod
496 2116 660 2202 praecedit
683 2127 819 2179 actutum
840 2118 1009 2199 futuroque
1032 2139 1149 2201 nosces,
1172 2124 1206 2184 ut
1228 2118 1315 2210 haud
1338 2123 1389 2186 fa-

233 2219 294 2284 cile
310 2220 486 2284 sententiae
502 2218 571 2285 sine
593 2217 783 2284 detrimento
805 2238 954 2285 uersuum
976 2218 1058 2285 illud
1079 2240 1139 2304 par
1161 2220 1307 2286 uideatur
1330 2221 1388 2288 de-

231 2317 371 2385 futurum
394 2338 473 2386 esse.

319 2525 339 2603 ς
365 2527 412 2587 11.
451 2521 529 2586 Post
545 2518 764 2601 Ladewigium
786 2520 820 2585 in
844 2541 961 2604 eorum,
985 2522 1039 2605 qui
1061 2523 1189 2590 salubre
1212 2524 1244 2589 in
1267 2525 1328 2590 hac
1350 2547 1389 2594 re

233 2622 373 2689 studium
396 2622 640 2688 conlocauerunt
664 2616 795 2688 num'ero
818 2622 913 2690 Otto
937 2623 1190 2691 Ribbeckius
1220 2626 1388 2694 nominan-

233 2723 293 2790 dus
315 2731 380 2806 est,
404 2722 458 2804 qui
480 2721 521 2788 de
544 2722 655 2788 Militis
676 2723 815 2790 Gloriosi
839 2725 1030 2805 quibusdam
1052 2727 1131 2792 locis
1153 2727 1316 2808 ingeniose
1338 2728 1390 2797 ita

233 2825 424 2910 disputauit,
455 2830 490 2892 ut
519 2831 762 2920 retraetatomm
790 2844 888 2908 opera
917 2825 1084 2911 pristinum
1112 2834 1228 2913 poetae
1256 2849 1388 2896 manum

233 2927 435 2995 obscuratam
459 2946 530 2994 esse
553 2925 871 3011 demonstratorum),
900 2927 1021 3010 aliique
1048 2929 1192 2997 homines
1221 2930 1305 2996 docti
1334 2940 1388 3000 sat

232 3031 338 3095 multi:
361 3029 449 3095 uelut
463 3027 496 3093 in
511 3028 704 3095 editionibus
727 3028 792 3096 suis
815 3030 888 3096 lul.
910 3030 1110 3114 Brixius4)
1134 3031 1273 3117 itemque
1289 3034 1385 3118 Aug.

232 3131 448 3197 Lorentius
457 3179 465 3213 ,
488 3136 584 3211 atque
599 3129 637 3212 is,
662 3131 750 3196 cuius
764 3131 895 3197 minime
909 3130 1087 3214 ignoranda
1103 3139 1152 3200 est
1167 3154 1264 3219 opera
1279 3135 1386 3203 bonae

231 3231 330 3313 frugis
353 3251 424 3297 oum
445 3231 479 3297 in
500 3231 573 3296 aliis
596 3236 662 3296 tom
683 3231 717 3296 in
738 3231 799 3298 hoc
821 3251 937 3316 genere
958 3234 1068 3317 plena:
1094 3233 1130 3301 Ο.
1148 3234 1387 3320 Seyffertus

231 3332 264 3399 in
287 3332 409 3396 Studio
424 3331 581 3395 Plautinos
603 3332 744 3399 Berolini
765 3352 793 3400 a.
820 3338 901 3400 1874
925 3334 1020 3401 editis
1042 3334 1085 3420 (p.
1106 3336 1257 3420 10-1tl:
1280 3357 1387 3421 neque

319 3553 343 3615 1)
361 3548 465 3603 Eadem
487 3564 530 3604 res
553 3548 628 3604 miris
651 3548 797 3618 machinis,
821 3550 869 3605 sed
890 3550 993 3607 frustra
1017 3554 1149 3621 temptata
1174 3560 1216 3610 est
1237 3570 1254 3609 a
1275 3557 1387 3625 Bothio,

192 3630 196 3637 ’
232 3632 427 3701 Lindemanno‚
446 3632 611 3688 Fritzsohio:
631 3633 693 3689 uide
710 3634 772 3689 adn.
792 3635 850 3689 crit.

318 3721 343 3783 2)
362 3716 492 3773 Consulto
506 3718 586 3774 simili
598 3718 677 3774 modo
692 3719 798 3774 occulte
811 3719 932 3788 loquitur
945 3737 971 3775 u.
986 3724 1034 3775 789
1044 3737 1111 3790 sqq..
1131 3726 1181 3776 814
1191 3738 1257 3792 sqq„
1278 3729 1387 3794 826sq.,

231 3807 281 3858 840
291 3819 330 3872 sq.

319 3891 344 3953 3)
361 3887 433 3942 Mus.
443 3887 530 3943 Rhen.
546 3891 566 3942 t.
575 3886 628 3939 XII
642 3904 668 3956 p.
678 3890 736 3940 594.
747 3889 891 3955 888-603,
910 3893 929 3943 t.
939 3887 1032 3943 XXIX
1048 3906 1075 3959 p.
1087 3894 1118 3945 23
1129 3906 1183 3960 sq.;
1202 3890 1237 3945 ci.
1257 3892 1290 3947 de
1308 3885 1386 3948 Trin.

234 3976 402 4026 1181-1114
420 3972 534 4027 eundem
551 3972 580 4026 in
597 3970 711 4041 Ephem.
730 3971 812 4029 litter.
831 3972 935 4028 lenens.
954 3989 979 4029 a.
1001 3979 1065 4029 1875
1083 3991 1109 4043 p.
1129 3979 1187 4029 451.

317 4060 343 4124 4)
361 4055 402 4111 Of.
417 4055 537 4111 eiusdem
551 4055 762 4111 Emendationes
774 4057 803 4110 io
817 4055 946 4127 Captivos
958 4057 1090 4127 Lignitiae
1103 4073 1128 4114 a.
1141 4064 1206 4114 1862
1219 4062 1306 4116 editos
1319 4078 1346 4131 p.
1358 4068 1385 4119 6.
