2940 5144
353 296 414 357 164
743 295 919 351 Gualtharius
937 294 1109 350 Brachmann

353 468 440 536 disse
457 466 565 534 notaui
579 466 619 550 ¹):
642 465 693 532 cui
715 465 887 550 suspicioni
909 486 985 533 num
1005 466 1196 533 conueniant
1216 465 1394 533 sententiae
1408 467 1468 533 rat‘

355 590 413 636 nes
435 568 620 654 posterioris
642 567 703 632 erit
724 565 957 652 disputationis.
1002 594 1004 605 ⁴

297 674 300 683 '
430 670 525 736 Haud
538 670 637 736 multo
650 689 741 736 secus
753 687 850 736 resse
862 669 1002 737 habetu.
1016 673 1150 750 50sqq.:
1166 673 1240 734 ante
1253 687 1332 749 quos
1348 668 1470 735 excidi

322 811 328 821 .
352 793 452 840 unum
474 771 710 839 hemistichium
731 770 810 836 mihi
837 769 967 853 quidem
989 769 1191 836 Hermannus
1219 790 1282 837 non
1310 771 1460 855 probauit

353 873 566 942 Retinendum
583 873 690 958 potius
705 871 783 939 duxi
809 891 903 954 quem
921 874 1082 964 integrum
1096 875 1123 938 B
1139 871 1270 938 exhibet
1290 873 1451 956 septenari

274 971 278 985 '
353 981 393 1040 50
403 1000 410 1041 :
421 975 446 1059 ³)
467 995 543 1060 ergo
557 980 728 1058 sequentes
744 973 824 1040 duos
839 993 960 1056 uersus,
982 992 1117 1055 quornm
1133 971 1263 1055 quidem
1278 971 1383 1038 exitus
1398 993 1470 1040 uer

345 1076 437 1161 filios
452 1087 484 1139 ct
497 1097 622 1140 amttam
637 1083 669 1143 et
683 1077 844 1139 maiorem.
878 1073 1013 1138 PHIL:
1036 1073 1119 1136 Abin
1136 1073 1228 1138 hinc?
1250 1074 1398 1141 constitui
1416 1081 1470 1141 tud

354 1178 477 1261 bantur,
500 1186 535 1243 ut
548 1177 638 1262 potui
653 1177 848 1262 suppleuit).
885 1174 1064 1261 Supplendi
1086 1177 1165 1242 item
1189 1181 1280 1241 emnt
1301 1175 1362 1242 soli
1383 1178 1470 1243 coni.

354 1287 446 1347 turae
469 1278 587 1346 confiso
610 1278 791 1362 quicunque
815 1277 911 1345 etiam
933 1283 1056 1345 restant
1084 1276 1188 1343 mutili
1209 1277 1398 1360 septenarii:
1421 1278 1465 1345 sc'

356 1385 408 1446 cet
429 1385 557 1465 praeter
578 1399 689 1446 uersus
705 1383 746 1445 78
760 1380 900 1465 priorem
915 1378 1004 1445 illam
1019 1385 1143 1463 partem
1158 1384 1268 1445 nostra
1282 1377 1463 1446 distributio

352 1482 563 1566 posteriorem
585 1482 702 1546 factam
724 1500 836 1549 uersus
852 1483 892 1543 59
909 1486 940 1546 et
955 1484 995 1542 72
1008 1483 1042 1563 5).
1079 1481 1130 1545 Ειι
1152 1479 1267 1563 quibus
1290 1479 1331 1545 de
1346 1481 1467 1564 priorib

352 1583 417 1649 illis
439 1588 506 1649 tum
529 1581 658 1650 demum
679 1581 823 1648 iudicare
844 1580 965 1665 licebit,
988 1601 1060 1647 cum
1074 1586 1200 1654 mutuas
1216 1581 1444 1648 sententiarum

353 1685 785 1771 tionesperpensauerimus:
807 1681 893 1748 tertii
914 1680 957 1765 (u.
973 1681 1028 1766 72)
1051 1687 1188 1766 cognata
1205 1702 1277 1749 cum
1298 1702 1328 1748 u.
1345 1687 1386 1748 52
1401 1703 1441 1750 ea
1462 1712 1470 1743 ι

352 1785 485 1870 indoles,
515 1793 550 1854 ut
579 1807 694 1853 manca
723 1789 881 1868 appareat
908 1783 981 1868 ipsa
1010 1784 1163 1849 orationis
1191 1784 1324 1868 species,
1368 1785 1462 1850 Eteni

351 1906 548 1970 quamquam
576 1887 663 1954 illius
691 1884 818 1968 generis
849 1884 1082 1951 enuntiationes
1112 1885 1332 1952 coniunctione
1359 1895 1394 1947 ut
1414 1906 1463 1970 pr

355 1989 455 2054 missa
475 1989 623 2055 absolute
644 1987 770 2073 positae
792 2006 864 2052 cum
884 1987 919 2052 in
941 1986 1073 2070 optandi
1095 1991 1163 2051 tum
1185 1987 1217 2051 in
1239 1985 1428 2053 exsecrandi
1443 1989 1470 2053 f·

345 2090 448 2156 ‘mulis
471 2090 591 2174 passim
613 2089 835 2160 inueniuntur
853 2086 1002 2156 desidero
1025 2093 1133 2154 tamen
1148 2089 1331 2172 exemplum
1346 2089 1466 2155 secund

351 2210 510 2274 personae
537 2190 583 2255 ita
613 2196 793 2274 usurpatae.
838 2189 918 2256 Cum
939 2190 973 2255 in
995 2189 1056 2255 hac
1072 2188 1174 2271 igitur
1201 2209 1236 2255 re
1258 2189 1300 2255 ab
1321 2189 1464 2256 Herman

353 2292 551 2374 dissentiam,
574 2311 615 2358 ne
630 2290 805 2357 Ritschelio
816 2289 841 2374 6)
863 2290 995 2374 quidem
1015 2287 1229 2374 adstipulatus
1243 2291 1396 2358 intactum
1411 2313 1446 2358 re

353 2391 514 2474 quendum
529 2390 610 2459 duco
626 2411 739 2457 sanum
761 2390 854 2457 huius
877 2411 988 2459 uersus
1013 2392 1102 2476 prius
1125 2391 1373 2459 hemistichium:
1394 2395 1465 2476 itaq

352 2495 418 2574 tale
440 2492 519 2575 quid
540 2489 737 2559 intercidisse
753 2491 889 2558 conicio:

352 2746 502 2814 Ceterum
523 2747 557 2813 in
570 2745 621 2812 his
637 2743 783 2812 omnibus
807 2764 889 2826 quae
911 2746 1092 2814 addiderim
1114 2747 1255 2830 exempli
1269 2753 1393 2814 tantum
1407 2769 1461 2815 ca

440 2932 464 2993 1)
481 2929 604 2984 Eandem
626 2927 661 2982 de
685 2927 877 2998 coniungendis
899 2929 1074 2985 hemistichiis
1097 2928 1148 2983 78¹³
1167 2934 1194 2984 et
1212 2933 1260 2983 79⁸
1286 2931 1418 2986 rationem
1436 2931 1470 2985 Η)

352 3027 466 3068 mannus
478 3013 545 3080 iniit,
563 3013 643 3080 longe
656 3011 792 3068 diuersam
804 3013 838 3068 de
849 3014 1063 3082 redintegrandis
1075 3014 1108 3069 iis
1123 3029 1192 3082 quae
1204 3014 1371 3082 praecedunt
1383 3021 1419 3083 (u.
1432 3017 1470 3072 in

352 3097 444 3152 adnot.
459 3096 552 3160 crit.):.
563 3113 616 3165 quo
628 3095 735 3165 quidem
753 3098 782 3150 in
799 3099 905 3166 negotio
923 3114 1020 3167 parum
1036 3098 1152 3153 feliciter
1168 3097 1208 3152 illi
1224 3113 1281 3152 rem
1299 3099 1414 3155 cessisse
1430 3101 1467 3154 ha

352 3179 484 3235 immerito
502 3179 667 3235 Ritsuhelius
685 3180 795 3235 iudicat.
831 3182 998 3250 Quamquam
1015 3198 1070 3237 non
1087 3183 1173 3236 multo
1195 3182 1314 3249 felicius,
1338 3183 1390 3239 nisi
1413 3184 1470 3238 fall

351 3265 405 3337 ipsi
417 3263 578 3320 Ritschelio:
598 3264 711 3333 quinon
723 3265 842 3334 dispesto
854 3283 881 3321 u.
894 3271 935 3332 78,
953 3273 984 3320 ut
1001 3267 1115 3321 lacunae
1132 3267 1362 3335 importunitatem
1378 3266 1469 3322 euitar

351 3349 464 3405 sustulit
481 3353 509 3403 et
526 3348 663 3419 sequentis
681 3364 776 3405 uersus
795 3354 877 3420 caput
895 3354 922 3406 et
939 3356 1026 3405 totum
1044 3350 1210 3420 superiorem
1227 3352 1383 3420 reponenda
1400 3353 1458 3408 scil.

337 3439 471 3489 ‘exhema
481 3433 529 3488 illa
540 3433 685 3503 particula,
702 3433 732 3488 in
744 3448 824 3500 quam
835 3435 946 3502 paululo
959 3438 1022 3489 ante
1033 3434 1230 3503 inquisiuimus.
1256 3436 1426 3493 Audaculam
1439 3453 1465 3492 c·

349 3519 483 3574 lecturam
500 3517 629 3590 probauit
645 3517 831 3573 Fleckeiseno.

437 3605 464 3669 2)
481 3601 631 3658 Probatum
649 3608 690 3657 est
707 3602 855 3659 Ritsuhelio
867 3602 1111 3671 'Fleckeiscnoque

438 3690 464 3754 3)
482 3686 633 3742 seruarent
646 3686 720 3742 hunc
732 3687 813 3741 etlam
825 3686 1024 3743 Studcmundus
1037 3687 1257 3758 Spengeliusque,
1275 3689 1381 3761 opinati
1397 3689 1470 3759 quid

349 3771 492 3841 sequentia
510 3768 618 3842 quoque
636 3786 704 3826 sana
722 3786 789 3826 esse.

437 3859 463 3924 4)
481 3856 541 3925 Qua
558 3856 586 3910 in
604 3870 633 3910 re
651 3871 719 3924 quas
738 3860 848 3912 secutus
866 3856 916 3910 sim
933 3855 1052 3911 rationes
1070 3872 1153 3926 supra
1171 3857 1273 3927 aperui.

438 3943 463 4007 5)
480 3939 610 3995 Mancum
622 3953 682 3994 esse
699 3944 843 4009 utrumque
860 3945 888 3994 et
900 3940 984 3996 Vetus
1003 3941 1122 3997 ostendit
1139 3948 1166 3998 et
1184 3943 1361 3998 consentiunt
1378 3942 1467 3998 editor

437 4025 463 4089 6)
480 4023 523 4078 De
540 4024 637 4079 horum
655 4024 817 4080 coniecturis
835 4042 862 4079 ιι.
880 4025 942 4081 adn.
961 4025 1021 4080 crit.
