2940 5144
360 794 401 848 De
419 792 585 881 liacchidum
603 792 745 846 Plautinae
763 790 957 847 retractatione
974 791 1107 847 scaenica.
1244 787 1304 848 123

157 986 218 1049 que
233 971 326 1051 parte
339 963 485 1029 uersibus
503 964 684 1044 cohaerent,
707 966 742 1026 ut
763 966 1002 1027 retractatorem
1024 962 1152 1028 demum
1174 962 1242 1029 ueri
1264 961 1304 1026 si-

156 1069 262 1136 milius
284 1066 326 1131 sit
353 1065 488 1130 sublatis
517 1062 619 1129 tribus
647 1062 792 1130 uersibus
818 1065 982 1127 tea-165
1002 1063 1039 1128 R.
1069 1061 1149 1130 duos
1178 1063 1220 1130 de
1247 1084 1305 1131 suo

131 1166 132 1171 ’
157 1167 322 1236 addidisse
346 1169 414 1231 132.
441 1169 510 1231 133.

439 1366 685 1434 Bacchidem
709 1366 916 1451 specimen
940 1366 1022 1431 VHI.

641 1490 687 1533 lici.
700 1488 729 1532 lll
747 1501 781 1532 sc.
794 1491 814 1531 l.

242 1611 261 1688 ξ
285 1610 334 1672 32.
376 1605 528 1688 Sequitur
549 1602 842 1670 manifestissimum
865 1603 1101 1688 dittographiae
1123 1604 1305 1688 exemplum

157 1711 285 1794 saepius
307 1709 349 1773 ab
372 1708 554 1773 hominibus
577 1704 708 1772 eruditis
731 1711 934 1790 temptatum,
959 1704 1189 1790 pedetemptim
1211 1706 1305 1770 simul

157 1816 374 1877 succrescente
389 1829 547 1890 uersuum,
571 1827 650 1890 quos
673 1813 817 1890 spectare
839 1806 882 1872 ad
905 1807 1065 1892 duplicem
1087 1808 1305 1874 recensionem

158 1920 415 1994 cognosceretur,
445 1909 655 1976 multitudine.
700 1909 751 1974 De
773 1916 880 1975 uetere
907 1917 1012 1975 autem
1041 1909 1181 1990 quodam
1209 1915 1306 1993 poeta

157 2012 299 2077 tabulam
322 2016 514 2077 retractante
527 2011 548 2091 ¹)
571 2009 823 2075 Ritschelius
845 2009 966 2091 primus
988 2011 1147 2092 cogitasse
1169 2011 1304 2092 uidetur,

158 2112 219 2179 hac
233 2113 276 2178 ad
290 2133 342 2179 uu.
359 2114 430 2179 377.
447 2116 507 2178 378
531 2114 564 2177 in
587 2112 727 2177 editione
749 2111 859 2177 notula
880 2110 1023 2176 adiecta:
1046 2131 1108 2173 aon
1120 2121 1254 2195 possent
1267 2111 1305 2175 ab

157 2214 263 2276 eodem
288 2215 389 2297 positi
411 2235 493 2287 esse,
524 2215 580 2298 qni
604 2232 715 2274 ceruus
735 2209 809 2274 380.
831 2209 894 2274 381
923 2211 1092 2274 scriberet:
1121 2232 1306 2296 quamquam

158 2319 220 2378 ium
248 2315 397 2379 nNonc'o
427 2314 551 2398 leem),
582 2315 636 2398 poi
659 2315 804 2396 priorem
833 2312 938 2396 offert.
984 2313 1100 2377 Contra
1123 2312 1306 2396 Guyetus

158 2436 268 2482 uersus
292 2419 459 2481 379-381
484 2416 725 2497 exturbauerat3
753 2414 947 2499 eosdemque
969 2421 1033 2479 tres
1055 2413 1214 2496 geminam
1237 2433 1307 2480 esse

158 2518 374 2583 recensionem
404 2518 538 2584 duorum
568 2520 640 2580 377.
664 2520 725 2580 378
755 2517 992 2583 Teut'selius
1022 2515 1198 2581 autumauit
1227 2517 1305 2581 Mus.

159 2619 260 2683 Rhen.
276 2626 297 2684 t.
314 2620 410 2684 XXX
431 2640 461 2703 p.
479 2622 550 2685 318.
585 2619 718 2683 Versum
735 2620 795 2682 382
820 2637 946 2699 quoque
965 2617 1142 2683 sententiae
1164 2618 1306 2699 acquali-

160 2725 225 2785 tate
253 2721 421 2787 conuenire
451 2739 522 2785 eum
551 2723 612 2785 383
642 2720 849 2804 Bergkius
876 2718 1042 2804 perspexit
1069 2718 1180 2783 Dium.
1208 2719 1306 2800 antiq.

157 2819 239 2887 stud.
256 2841 285 2886 a.
305 2825 384 2886 1850
400 2842 430 2906 p.
447 2823 519 2904 330,
542 2821 602 2887 hac
624 2821 717 2886 simul
740 2821 905 2905 proposita
926 2821 1090 2901 utriusque
1113 2821 1307 2888 recensionis

156 2922 374 3006 discriptione:

445 3008 469 3072 I.
492 3028 522 3072 u.
540 3010 611 3072 375.
629 3010 679 3073 76.
696 3010 746 3072 79.
764 3010 813 3072 80.
831 3010 881 3071 81.
899 3009 947 3071 83.
965 3010 1014 3072 84.

428 3108 467 3172 II.
492 3129 520 3173 u.
538 3112 609 3173 375.
626 3112 676 3172 76.
695 3113 744 3173 79.
761 3111 812 3173 77.
828 3110 880 3172 78.
897 3109 946 3172 82.
964 3111 1020 3191 84;

156 3228 217 3289 quo
242 3208 322 3275 duce
338 3209 566 3275 Fleckeisenus
590 3210 678 3274 uncis
700 3209 945 3291 circumscripsit
968 3214 1000 3272 ct
1021 3229 1132 3273 uersus
1155 3212 1225 3276 377.
1243 3215 1304 3275 378

156 3316 188 3375 et
202 3331 331 3376 uersum
347 3313 419 3375 382.
459 3310 551 3377 Ultra
573 3311 669 3375 etiam
691 3326 877 3392 progressus
898 3308 1093 3373 Gcetzius
1116 3308 1157 3373 de
1178 3309 1305 3393 dittogr

155 3410 259 3476 Plaut.
274 3432 306 3493 p.
323 3413 384 3472 259
397 3428 445 3489 sq.
468 3431 519 3476 uu.
537 3412 684 3474 379-82
707 3410 878 3489 genuinam
894 3407 986 3471 huius
1004 3408 1071 3473 loci.
1089 3410 1305 3476 recensionem

156 3530 227 3575 esse
242 3511 362 3591 statuit,
385 3509 582 3575 conlocatam
599 3531 670 3574 eam
687 3509 816 3591 quidem
838 3510 871 3573 in
893 3508 998 3574 medio
1020 3511 1183 3575 retractati
1198 3532 1303 3577 exem·

112 3688 116 3704 Ι
157 3611 254 3694 plaris
269 3610 455 3692 specimine:
472 3610 513 3676 ad
530 3610 615 3692 quod
630 3611 790 3695 pertinere
806 3619 837 3675 et
852 3631 903 3676 uu.
917 3613 1083 3675 375-378
1100 3616 1132 3675 et
1147 3615 1218 3678 383.
1232 3617 1304 3679 384.
1382 3608 1385 3613 ’
1423 3678 1428 3682 .

157 3711 253 3777 Cuius
284 3711 383 3775 uerba
409 3731 472 3777 nun
501 3711 580 3776 s'atis
609 3712 821 3778 considerauit
844 3710 1075 3794 Ussingius‚
1105 3712 1160 3791 qui
1182 3713 1305 3781 Goetzii

156 3830 191 3876 se
206 3811 356 3893 amplecti
372 3814 561 3878 sententiam
578 3815 737 3896 professus
756 3833 807 3878 uu.
825 3816 863 3876 37
868 3815 992 3878 9-382
1015 3813 1103 3877 uncis
1125 3815 1248 3880 notauit
1270 3825 1305 3883 ut

156 3911 411 3977 retractationem
434 3933 582 3979 uersuum
606 3912 821 3996 375-3783).

243 4096 267 4158 i)
287 4093 327 4147 ef.
347 4109 427 4162 quam
444 4096 516 4149 idem
534 4096 567 4149 de
585 4095 710 4149 uersibus
728 4100 862 4151 393-403
882 4096 1043 4150 sententiam
1061 4097 1131 4151 tulit.

240 4182 265 4242 2)
284 4178 325 4230 Cf.
344 4194 427 4247 supra
446 4183 461 4247 ξ
482 4186 504 4233 3.

240 4268 264 4325 3)
284 4263 381 4317 Totam
399 4279 455 4318 rem
473 4279 568 4318 rursus
587 4265 614 4317 iu
632 4265 743 4318 dubium
761 4279 861 4318 uocare
880 4271 992 4318 conatus
1011 4269 1052 4318 est
1070 4266 1106 4330 is,
1130 4267 1175 4334 qui
1193 4267 1302 4320 omuino

155 4351 202 4400 aut
219 4347 337 4400 nondum
356 4349 422 4402 satis
440 4347 591 4415 respexisse
608 4349 717 4401 uidetur
741 4352 790 4402 aut
812 4363 907 4416 parum
931 4349 1126 4418 circumspecte
1149 4351 1303 4405 considera-

155 4433 226 4485 uisse
254 4433 408 4487 uniuersam
436 4449 505 4502 quae
532 4439 574 4486 est
600 4433 632 4486 dc
658 4432 811 4486 fabularum
841 4433 1079 4488 retractationibus
1107 4436 1303 4496 coniecturam,

155 4515 185 4567 F.
204 4516 235 4570 V.
255 4517 492 4572 Fritzschius:
512 4535 539 4571 u.
558 4518 611 4570 ind.
631 4517 759 4571 Rostoeh.
779 4534 803 4572 a.
826 4521 931 4587 ltlllls
950 4535 975 4587 p.
990 4523 1054 4585 llsq.
