2940 5144
158 331 199 394 68
557 330 735 386 Gualtharius
753 330 927 386 Brachmann

156 493 326 587 immerito,
349 502 540 586 quibusdam
555 504 617 570 uisi
630 508 705 569 sunt
716 503 752 584 ¹),
775 501 882 567 statim
897 503 995 568 liceat
1009 519 1107 583 quam
1127 500 1327 570 breuissime

157 627 317 692 exponere
339 605 541 673 sententiam.
585 605 689 671 Locus
713 610 820 671 autem
842 604 896 669 hic
918 602 1019 685 estll:

468 839 717 907 Bacchidum
739 838 947 924 specimen
970 842 994 906 I.

559 963 646 1008 hctlll
670 965 729 1007 scd
755 975 778 1005 u.
794 964 901 1006 ts-ts.

153 1059 197 1133 ibi
214 1077 319 1148 (equa)
338 1093 428 1141 cursu,
447 1076 585 1142 motando,
604 1075 692 1140 basta,
711 1074 794 1139 disco,
814 1074 944 1143 pugilatu,
962 1074 1025 1143 pila,
1218 1078 1272 1130 428
1291 1074 1321 1129 R.

155 1161 283 1217 saliendo
301 1177 362 1215 sese
380 1159 545 1217 exercebant
562 1157 645 1228 magis
663 1174 744 1228 quam
762 1164 853 1214 scorto
872 1164 920 1213 aut
937 1159 1035 1213 saulis:

156 1227 199 1300 ibi
216 1262 294 1300 suam
312 1250 427 1300 aetatem
445 1244 635 1308 extendebant,
654 1244 709 1298 non
727 1244 755 1298 in
772 1243 915 1299 latebrosis
933 1243 1009 1298 locis.

155 1311 223 1385 lnde
241 1330 274 1384 de
292 1330 471 1399 hippodromo
491 1329 518 1383 ct
535 1329 673 1398 palaestra
690 1329 752 1382 edbi
771 1325 923 1383 reuenisses
941 1327 1049 1382 domum
1272 1332 1318 1382 431

223 1440 389 1481 Adaototto
408 1439 536 1482 critico:

290 1505 348 1555 428,
384 1519 441 1561 equo
459 1507 543 1549 inserto
561 1506 682 1550 rectissime
699 1504 797 1546 biurrtom
815 1515 900 1546 aereum
921 1503 1028 1556 suppleuit
1047 1503 1099 1556 Aac.
1120 1502 1227 1563 isacium
1248 1504 1320 1548 Herm.

224 1582 239 1617 t.
251 1574 301 1618 Xlll
313 1588 336 1628 p.
349 1577 397 1624 ωδ,
416 1581 489 1628 utpote
501 1574 561 1617 caius
574 1573 674 1616 uocabuli
689 1573 842 1615 detrimentum
858 1577 944 1624 poteret
963 1583 992 1614 ea
1010 1571 1156 1626 hippodromo
1176 1584 1259 1616 aereus
1271 1574 1319 1622 tot,

223 1644 386 1696 coemptoaeus
398 1642 552 1687 Mortaitt.
595 1640 849 1684 luctandodiscobasta
865 1640 1028 1692 transponendo
1047 1639 1165 1682 editiores.
1194 1641 1318 1685 luctendcd

224 1711 361 1754 hostadiseo
380 1709 758 1760 llitscbotiasNou.desuscepto.
781 1702 785 1770 Ι
807 1705 866 1756 431.
894 1709 935 1751 Aut
949 1707 1124 1762 palaestradubi
1144 1714 1184 1751 aut
1201 1710 1317 1763 palaestra

224 1779 274 1821 cubi
287 1779 416 1822 Riteebeltue
428 1779 480 1822 llus.
493 1779 561 1821 liban.
573 1784 588 1819 l.
601 1777 657 1820 XXV
665 1790 687 1829 p.
696 1777 739 1818 310
744 1792 751 1825 ;
770 1776 809 1818 boc
823 1775 925 1829 Barpkiae
936 1775 1029 1829 Symbol.
1044 1776 1071 1817 ad
1084 1786 1177 1828 cromm.
1191 1776 1234 1819 lut.
1244 1790 1271 1831 p.
1283 1779 1317 1821 tlt

223 1848 395 1897 commendabat,
414 1848 469 1890 illud
488 1846 617 1890 llitocbeiiuc
634 1845 690 1888 Nou.
704 1846 755 1888 ldae.
765 1857 788 1897 p.
800 1844 835 1885 75.
863 1844 974 1898 palaestra
992 1844 1030 1885 ubi
1048 1855 1095 1885 eam
1113 1843 1179 1887 libris
1197 1845 1316 1889 editiones.

242 1963 358 2030 Exstat
373 1963 462 2029 locus
477 1960 510 2026 in
528 1960 719 2027 suauissima
741 1958 800 2023 illa
821 1957 1036 2041 descriptione
1058 1957 1216 2043 pristinae
1240 1960 1315 2027 edu·

157 2063 292 2130 cationis
309 2065 482 2130 seueritate
498 2082 536 2127 ac
551 2061 722 2146 disciplina
737 2061 903 2127 coercitae.
942 2060 990 2125 Ac
1010 2078 1161 2125 uersuum
1183 2061 1315 2138 illorum

158 2183 238 2246 quos
252 2184 350 2249 supra
371 2164 554 2249 scripsimus
576 2164 713 2246 tertium,
737 2182 808 2228 cum
831 2181 896 2227 una
918 2182 988 2228 cum
1012 2160 1126 2227 ceteris
1148 2167 1240 2230 stare
1262 2184 1316 2231 ne·

246 2383 270 2444 1)
288 2380 421 2448 Berglrius
439 2379 492 2433 hoc
509 2379 537 2432 in
555 2379 615 2433 loco
633 2378 800 2433 laudatorem
817 2379 923 2433 inuenit
942 2379 973 2434 G.
993 2378 1134 2433 Goetzium
1155 2381 1242 2444 (Acta
1260 2397 1318 2436 soc.

131 2493 133 2497 ,
157 2465 313 2534 philihpo.
331 2470 351 2518 t.
364 2465 402 2517 VI
419 2482 446 2534 p.
461 2467 510 2518 259
524 2465 612 2529 adn),
635 2464 664 2517 in
681 2463 741 2517 aliis
759 2464 867 2532 quidem
885 2463 1013 2533 exemplis
1032 2469 1211 2532 aspernatum
1234 2465 1317 2521 huius

157 2549 264 2618 generis
282 2549 406 2603 artificia.

244 2638 269 2697 2)
287 2635 318 2687 ln
331 2633 559 2702 repraesentando
571 2648 701 2687 uersuum
713 2632 900 2689 Plautincrum
913 2636 1041 2687 contextu
1060 2632 1199 2687 inclinatis
1217 2635 1318 2690 litteris

158 2717 333 2786 exprimenda
351 2716 447 2773 curaui
465 2733 651 2786 quaecumque
668 2734 723 2772 non
740 2718 817 2772 libris
841 2722 960 2786 (praeter
977 2718 1154 2787 interpolatos
1171 2717 1246 2786 liz),
1268 2719 1316 2775 sed

84 2846 88 2859 .
157 2803 322 2858 coniecturis
334 2803 503 2869 deberentur,
522 2804 651 2872 neglectis
662 2803 787 2857 nimirum
803 2803 1020 2873 orthographicis
1036 2803 1200 2873 quisquiliis;
1212 2804 1316 2859 addita

155 2886 260 2956 integra
277 2888 414 2945 uocabula
432 2887 510 2943 uncis
528 2889 558 2959 (>
576 2889 688 2958 insuper
710 2887 823 2954 inclusi,
849 2889 975 2943 cancellis
995 2894 1031 2954 [],
1056 2902 1125 2957 quae
1147 2888 1314 2959 interpolata

156 2971 291 3027 ducerem.
327 2973 380 3027 Ubi
398 2973 430 3026 de
450 2975 621 3028 coniecturae
639 2975 752 3027 auctore
770 2972 838 3026 nihil
854 2977 972 3028 testatus
991 2989 1064 3041 sum,
1082 2970 1225 3030 Ritschelii
1244 2976 1313 3031 scito

155 3062 294 3112 seruatum
307 3073 366 3111 esse
379 3058 538 3127 exemplum,
557 3057 664 3112 aculus
676 3057 835 3112 recensione
848 3071 872 3110 a.
888 3062 953 3112 1849
970 3058 1019 3112 ubi
1036 3057 1193 3112 recesserim
1205 3073 1313 3130 semper

154 3142 304 3196 indicatum
317 3147 365 3196 est.
396 3141 521 3196 (laterum
539 3141 687 3195 editionum
705 3141 813 3195 nomine
831 3141 1000 3208 significatur
1018 3157 1166 3198 consensus
1177 3142 1312 3199 Herman-

154 3225 261 3290 nianae‚
277 3225 488 3292 Ritschelianae‚
507 3225 760 3292 Fleckeisenianae3
780 3230 887 3279 nostras
900 3226 1071 3281 coniecturas
1086 3227 1148 3281 Bra
1166 3228 1245 3296 signo
1264 3246 1311 3285 no-

154 3314 226 3364 tatas
252 3310 394 3366 noluimus.
437 3310 598 3379 Ubicunque
622 3311 656 3365 de
679 3309 817 3378 scriptura
840 3310 898 3364 siue
921 3311 1029 3367 Veteris
1057 3311 1114 3366 siue
1137 3312 1314 3369 Ambrosiani

153 3397 271 3448 testatus
289 3410 359 3463 sum,
377 3394 516 3449 sciendum
535 3399 576 3448 est
593 3396 756 3451 auctoritate
774 3412 816 3451 me
833 3397 873 3450 uti
890 3398 939 3450 aut
956 3397 1078 3464 Hugonis
1099 3396 1247 3452 llinckii
1265 3403 1314 3454 aut

155 3477 273 3531 Gustaui
289 3478 423 3554 hocwii.
459 3477 511 3531 Hic
530 3479 626 3532 eximia
646 3480 823 3549 benignitate,
849 3497 1027 3550 quaecunque
1050 3482 1078 3535 in
1102 3482 1280 3550 palimpsesto
1298 3499 1315 3539 e

154 3560 338 3615 Bacchidibus
356 3562 380 3615 ei
398 3568 590 3630 apparuerant,
609 3563 750 3633 diligenter
769 3573 881 3620 exarata
899 3567 963 3620 mihi
980 3567 1114 3635 permisit3
1134 3580 1203 3636 quoe
1218 3571 1315 3623 tamen

154 3644 273 3712 ignorari
285 3645 372 3699 noluit
384 3647 565 3717 transscripta
577 3653 682 3704 tantum
699 3666 716 3704 a
734 3667 763 3705 se
781 3666 831 3704 nec
849 3652 975 3706 secundis
993 3653 1066 3708 curis
1084 3653 1224 3720 recognita
1243 3669 1314 3709 esse.

154 3728 261 3782 Veteris
285 3745 358 3784 noua
382 3730 534 3786 conlatione
557 3749 574 3787 a
597 3734 715 3790 Hinchio
744 3736 868 3790 confecta
891 3737 962 3803 quod
986 3737 1027 3791 uti
1051 3737 1117 3791 mihi
1140 3736 1257 3805 licebat,
1284 3739 1316 3794 id

154 3812 263 3882 Georgii
286 3814 391 3870 Goetzii
415 3816 499 3872 debeo
524 3818 629 3874 liberali
653 3836 717 3889 erga
740 3836 783 3874 me
807 3820 934 3875 comitati.
970 3822 1134 3877 Monendum
1158 3825 1252 3876 autem
1276 3824 1314 3879 ab

152 3896 235 3953 huius
247 3899 445 3956 dissertationis
458 3904 569 3958 consilio
583 3904 774 3959 alienissimum
786 3905 871 3960 fuisse
887 3907 977 3960 omnia
995 3922 1132 3972 enarrare,
1151 3922 1219 3976 quae
1238 3924 1317 3965 noua

152 3981 194 4035 illi
211 3985 356 4040 eruissent:
376 3986 457 4042 immo
476 3988 611 4056 permulta
627 3989 693 4042 mihi
712 3990 819 4059 quidem
837 3990 985 4046 omittenda
1003 4006 1062 4047 esse
1080 3991 1153 4047 duxi.
1184 3992 1228 4047 De
1246 3994 1315 4050 reli·

152 4082 267 4134 quorum
277 4069 408 4126 librorum
420 4073 548 4126 memoria
560 4073 584 4126 si
596 4072 660 4141 quid
672 4076 758 4142 attuli,
770 4075 899 4132 haustum
911 4080 954 4129 est
964 4090 979 4130 e
988 4076 1131 4132 Ritschelii
1143 4092 1237 4146 appar.
1251 4081 1315 4136 crit.
