2940 5144
363 672 406 726 De
423 672 592 728 Bacchidum
608 672 752 727 Plautinae
770 664 964 729 retractatione
981 678 1115 732 scaenica.
1270 675 1310 738 83

246 844 352 909 Unum
374 847 473 908 restat
495 841 527 906 in
550 841 612 907 hac
641 844 745 927 priore
773 862 909 911 scaenae
937 856 1037 930 parte.
1082 850 1200 917 Versus
1229 852 1311 917 enim

161 949 223 1010 506
248 964 318 1011 oum
339 943 454 1009 iisdem
476 944 543 1009 lore
565 943 672 1009 uerbis
695 943 806 1010 redeat
828 953 900 1028 post
923 968 951 1013 u.
969 951 1029 1013 863
1044 940 1083 1032 ¹):

388 1091 465 1146 Faxd
483 1107 513 1147 sc
530 1093 585 1146 hau
605 1094 678 1193 dicat
696 1097 832 1158 nanctum,
852 1111 932 1162 quem
950 1095 1079 1162 derideat,

160 1190 311 1315 quoniam
333 1204 400 1298 illic
422 1230 535 1297 deesse
557 1231 645 1295 nullo
668 1236 761 1314 pacto
792 1236 913 1314 potest,
885 1232 995 1297 thic
1024 1252 1088 1297 non
1117 1236 1220 1301 solum
1248 1258 1312 1304 non

160 1353 256 1415 aegre
279 1332 495 1416 desideratur,
524 1331 583 1397 sed
605 1336 736 1416 propter
760 1333 957 1400 consimilem
988 1353 1097 1400 uersus
1121 1337 1220 1420 515²)
1243 1357 1311 1404 sen-

160 1434 291 1502 tentiam
313 1473 355 1480 -
378 1434 582 1516 nequeenim
603 1433 664 1499 huc
686 1435 803 1517 ualere,
828 1434 914 1515 quod
936 1455 1032 1519 supra
1055 1434 1095 1502 de
1118 1438 1311 1523 repetitioni-

159 1539 219 1604 bus
242 1536 484 1620 monuerimus.
497 1536 645 1602 continuo
668 1536 837 1620 apparebit
859 1573 901 1581 —
924 1556 964 1602 ne
981 1537 1058 1602 satis
1074 1538 1202 1618 quidem
1218 1547 1313 1625 aptus

160 1659 230 1705 esse
253 1639 387 1722 uidetur,
413 1637 626 1722 suspicionem
649 1644 764 1703 mouet.
804 1636 886 1716 Quid
910 1644 1017 1705 autem
1040 1660 1092 1706 me
1114 1639 1220 1707 iudico
1242 1663 1311 1708 rem

159 1738 306 1805 conficiat
320 1740 384 1805 iam
400 1738 552 1822 aperiam.
586 1739 671 1804 Nam
685 1739 760 1804 indc
776 1760 796 1804 a
812 1761 840 1806 u.
859 1743 919 1804 503
941 1740 974 1804 in
990 1740 1124 1825 singulis
1139 1743 1312 1810 enuntiatis

78 1841 84 1847 ’
158 1839 240 1908 redit
256 1841 494 1923 elegantissima
509 1840 575 1924 illa,
599 1860 695 1922 quam
715 1840 950 1926 descripsimus,
974 1842 1125 1909 orationis
1147 1843 1312 1929 inopinata

158 1943 191 2008 in
208 1942 397 2009 contrariam
413 1946 536 2027 partem
559 1943 740 2010 conuersio:
765 1942 867 2023 quid?
890 1963 961 2008 oum
983 1942 1035 2008 bic
1058 1963 1137 2009 nnus
1159 1965 1270 2011 uersus
1291 1967 1313 2026 a

158 2044 352 2127 reliquorum
375 2043 535 2109 communi
557 2043 730 2110 festiuitate
753 2044 942 2125 abhorreat,
971 2063 1046 2110 num
1069 2045 1231 2111 dubitabis
1253 2068 1311 2132 pro

157 2146 229 2213 loco
245 2147 399 2231 parallelo
416 2165 489 2211 cum
506 2145 628 2211 habere
650 2143 811 2228 adscripto
834 2166 854 2209 a
876 2145 1084 2227 grammatico
1107 2147 1212 2213 nescio
1236 2167 1309 2230 quo,

132 2308 135 2312 .
159 2248 212 2329 qui
235 2248 407 2331 legentium
430 2247 554 2312 animos
576 2246 619 2312 ad
641 2246 849 2329 posteriorem
871 2246 962 2311 illum
991 2248 1096 2313 locum
1126 2254 1311 2314 conuertere

158 2464 225 2518 tium
238 2465 267 2519 in
280 2463 393 2533 Ephcm.
408 2462 460 2517 litt.
478 2463 597 2531 Gotting.
612 2479 635 2517 a.
649 2467 713 2518 1877
729 2467 798 2531 part.
811 2467 852 2517 40.
880 2462 1024 2517 Consimile
1042 2466 1133 2518 antem
1150 2465 1310 2532 exemplum,

157 2548 210 2604 nisi
223 2548 294 2617 quod
305 2551 474 2618 permutatae
486 2547 558 2602 inter
574 2563 604 2602 se
620 2547 748 2602 uidentur
766 2546 1091 2624 utriusque'recensionis
1109 2553 1210 2618 partes,
1229 2550 1311 2619 paulo

142 2639 220 2702 'post
231 2633 315 2688 habes
328 2633 452 2688 uersibus
466 2635 609 2687 ort-519.
637 2631 757 2699 Quorum
774 2648 834 2687 cum
850 2631 968 2700 genuina
987 2632 1123 2700 scriptura
1141 2633 1209 2689 haec
1226 2633 1312 2690 fuisse

157 2713 295 2773 uideatur:

316 2806 318 2809 ’
397 2783 482 2853 lgitdr
499 2785 536 2839 mi
552 2783 625 2838 inani
643 2790 725 2853 atque
742 2782 817 2852 inopi
835 2783 1055 2839 subblandibitur

396 2869 467 2923 Tum
485 2871 565 2938 quom
583 2868 699 2923 blandiri
716 2867 798 2924 nihilo
816 2869 900 2937 pluris
919 2868 1027 2934 referet,

397 2954 483 3022 Quam
501 2954 524 3007 si
541 2950 575 3008 rid
593 2953 748 3021 sepulcrum
766 2954 872 3008 mortuo
891 2953 986 3008 narres
1003 2952 1087 3021 logos,

157 3053 222 3108 milri
239 3055 339 3110 uocula
356 3057 502 3124 postquam
520 3055 546 3108 in
565 3052 713 3108 secundum
736 3068 844 3107 uersum
860 3049 927 3108 sinc
949 3054 1104 3122 interpretis
1127 3056 1198 3109 mala
1220 3014 1309 3125 opella

156 3136 215 3192 siue
233 3138 347 3193 fortuita
371 3139 469 3207 prioris
494 3154 589 3193 uersus
613 3139 800 3195 recordatione
824 3138 951 3200 intrauit,
974 3140 1002 3191 in
1021 3138 1088 3192 Pall
1108 3139 1213 3206 expulsi
1231 3140 1309 3194 blon-

156 3222 212 3277 diri
227 3223 476 3290 locum‘occupauit
493 3228 564 3287 (cum
580 3223 646 3276 mibi
657 3223 762 3292 [leitila
775 3237 836 3276 oum
848 3224 929 3276 unius
941 3221 992 3274 litt.
1004 3236 1057 3275 ras.
1076 3222 1161 3276 Vetus
1174 3223 1282 3279 exhibet
1270 3229 1307 3290 lt:

155 3308 183 3371 in
195 3308 220 3360 A
234 3323 295 3362 cum
307 3312 370 3375 post
381 3306 472 3377 pluris
490 3306 580 3360 sedem
592 3306 644 3360 sibi
656 3305 829 3367 uindicasset,
846 3305 999 3373 grauiorem
1017 3307 1199 3374 corruptelam
1217 3323 1308 3362 seeum

156 3391 248 3445 traxit.
275 3391 369 3459 Neque
381 3391 451 3445 onim
464 3390 557 3445 dubito
571 3391 635 3459 quin
650 3389 765 3445 seruatis
783 3388 906 3444 omnibus
924 3402 994 3456 qnae
1011 3389 1112 3444 tradita
1129 3397 1206 3444 erant
1222 3398 1307 3448 metro

157 3472 257 3527 mederi
275 3473 328 3528 sibi
344 3473 421 3529 uisus
440 3474 476 3528 sit
492 3474 628 3542 librarius,
646 3489 707 3528 cnm
723 3473 791 3526 haec
809 3476 947 3526 exararet:

266 3613 268 3619 ,
382 3569 1089 3629 ιιιιιιιιιοιιιιιιιι,ιοι)ιιιιιιειιιιιιιιιιΑιιιιιιιιιιιιιιιιιι4

157 3641 256 3711 quippe
272 3642 316 3696 cni
327 3642 372 3696 uel
383 3643 484 3698 nostris
497 3643 665 3712 temporibus
680 3658 734 3697 non
750 3641 867 3697 deluerit
883 3640 1016 3695 laudator.
1044 3639 1172 3696 Pessimis
1190 3643 1308 3697 numeris
1391 3649 1394 3653 ’

157 3725 221 3780 item
238 3727 357 3780 exsultat
373 3726 472 3782 hocin
495 3744 522 3782 u
541 3743 661 3796 nuperus
680 3725 734 3781 adit
722 3730 773 3780 tor.
802 3726 926 3780 Getcmm
945 3722 978 3778 cf.
999 3724 1032 3779 H.
1046 3723 1079 3778 A
1096 3724 1231 3780 Kochium
1249 3725 1306 3781 Ind.

155 3808 222 3878 phil.
233 3810 256 3864 V
275 3827 302 3879 p
319 3814 351 3864 90
364 3815 393 3866 et
404 3811 437 3866 de
449 3812 521 3866 tert'
492 3818 523 3865 tn
540 3815 611 3876 (519)
628 3810 796 3880 potissimum
814 3825 909 3865 uersus
928 3809 1063 3922 scriptura
1080 3807 1154 3864 Max.
1166 3809 1307 3881 Niemeye-

156 3909 216 3948 rum
234 3892 267 3947 dc
284 3893 324 3947 Pl.
341 3893 397 3948 fab.
415 3910 468 3950 rec.
486 3897 560 3964 dupl.
579 3912 606 3964 p.
627 3901 668 3950 37.

244 3980 269 4044 1)
286 3977 318 4032 Id
336 3979 437 4046 quod
430 3995 483 4033 ram
501 3979 641 4035 Acidalius
665 3978 868 4043 animaduertit,
892 3977 939 4046 qui
956 3976 1104 4032 Diuinat.
1096 3993 1125 4031 ιιι
1143 3977 1199 4033 lab
1216 3978 1305 4033 Plant

157 4080 183 4132 p.
200 4067 299 4132 nossq.
318 4064 384 4119 haec
402 4062 528 4118 adnotat:
547 4059 683 4118 ‘Plautum
701 4061 777 4117 uides
795 4061 839 4116 sui
855 4061 884 4115 in
902 4060 1118 4130 eademquoque
1135 4059 1231 4117 fabula
1246 4062 1307 4119 imi-

155 4144 288 4204 retorem?

243 4237 268 4298 2)
287 4231 345 4301 Quo
364 4246 446 4287 uersu
464 4230 605 4300 Ussingius
624 4246 685 4285 cum
702 4230 831 4285 tralaticii
855 4230 921 4283 uiua
944 4228 1123 4298 patrocinium
1148 4228 1305 4297 susciperet,

156 4330 310 4385 prouocans
327 4317 364 4371 ad
379 4315 477 4385 Amph.
497 4319 546 4369 398
565 4315 673 4382 (addere
689 4317 799 4384 poterat
815 4329 856 4369 ex.
875 4329 913 4382 gr.
932 4312 1003 4368 Rud.
1023 4316 1091 4378 228),
1111 4312 1233 4368 rationes
1250 4329 1305 4370 non

156 4400 303 4471 reputauit,
321 4416 390 4469 quac
408 4399 578 4455 intercedunt
594 4400 664 4454 inter
681 4416 707 4454 u.
728 4402 778 4452 517.
795 4401 823 4452 ct
841 4402 899 4453 519.

1067 4501 1098 4552 6*
