2940 5144
362 760 405 814 De
422 759 587 814 Bacchidum
605 759 747 814 Plautinae
764 760 959 815 retractatione
977 761 1112 817 scaenica.
1267 760 1308 822 99

157 933 243 998 neris
265 930 389 998 indoles
412 950 450 995 ac
472 937 603 1013 natura,
628 938 663 996 ut
685 930 780 996 certis
803 931 999 1015 argumentIs
1021 952 1072 998 res
1095 933 1219 998 absolui
1243 953 1306 998 non

158 1053 320 1115 nunquam
335 1039 482 1113 nequeat.
519 1030 589 1097 Nec
604 1030 753 1114 equidem
769 1031 857 1096 aliud
872 1030 1042 1114 quicquam
1064 1030 1188 1100 efficere
1210 1034 1307 1118 uolui,

159 1135 221 1201 nisi
237 1139 271 1199 ut
287 1132 435 1217 exemplo
451 1134 614 1217 proposito
625 1131 649 1214 1)
671 1133 911 1217 perspiceretur,
936 1151 999 1213 qua
1017 1132 1140 1199 ratione
1161 1133 1231 1199 fieri
1252 1156 1306 1220 po-

159 1236 270 1316 tuerit,
301 1240 335 1299 ut
357 1254 420 1300 una
442 1255 513 1300 cum
536 1234 600 1300 loci
621 1234 742 1299 ambitu
764 1233 992 1318 pedetemptim
1017 1242 1215 1301 accrescente
1237 1255 1306 1301 sen·

159 1337 278 1404 tentiae
300 1336 377 1402 uitio
401 1337 475 1401 talis
499 1341 658 1419 postremo
681 1336 903 1402 diasceuastae
929 1354 1027 1418 opera
1056 1333 1207 1401 euaderet
1236 1357 1307 1403 con-

159 1438 237 1505 tinui
266 1439 420 1504 sermonis
449 1437 589 1522 species,
624 1457 687 1518 qua
717 1442 876 1504 corrueret
906 1437 1084 1516 misereque
1114 1441 1310 1504 euerteretur
1375 1445 1377 1450 ’

159 1540 260 1606 omnis
282 1540 462 1621 argumenti
484 1539 574 1605 ratio.

246 1640 360 1707 Verum
376 1641 456 1707 haec
478 1641 592 1721 quouis
613 1641 745 1726 pignore
767 1640 973 1707 contendam:
996 1659 1055 1706 nec
1077 1640 1227 1706 aPlauto
1249 1662 1308 1708 nee

158 1743 200 1808 ab
229 1763 291 1808 uno
321 1748 416 1827 poeta
445 1741 529 1807 hunc
556 1741 662 1808 locum
691 1742 853 1810 conditum
882 1762 968 1824 esse3
997 1742 1172 1827 primordia
1201 1751 1307 1809 autem

157 1844 302 1909 fraudem
318 1864 338 1907 a
354 1843 569 1910 retractatoris
585 1843 750 1910 cuiusdam
765 1843 985 1910 additamento
1001 1844 1134 1928 cepisse,
1156 1844 1188 1908 in
1211 1844 1305 1911 inter·-

158 1943 339 2026 polationes
364 1944 513 2010 diffusam
536 1945 662 2010 exiisse.

456 2162 709 2230 Bacchidum
732 2161 935 2246 specimen
960 2162 1011 2227 Vl.

536 2335 537 2338 Ἰ
638 2286 684 2328 Act.
697 2284 726 2327 lv
744 2297 776 2326 sc.
792 2286 826 2326 9².

243 2401 262 2478 ξ
278 2386 328 2464 21.
366 2398 460 2479 Quod
475 2403 574 2465 restat
589 2397 682 2464 huius
697 2396 823 2481 generis
840 2397 1021 2481 exemplum
1036 2397 1118 2463 illud
1140 2406 1198 2481 est,
1221 2403 1306 2484 quod

159 2520 254 2584 supra
284 2500 465 2582 signifioaui
494 2501 629 2566 iteratae
662 2499 895 2565 retractationis
926 2519 965 2565 ea
993 2500 1112 2582 forma,
1146 2520 1229 2582 quae
1259 2509 1308 2569 cst

159 2600 444 2686 dittographia
466 2600 752 2682 additamenti,
783 2600 967 2681 insignitum
990 2620 1079 2684 esse,
1106 2602 1156 2668 cui
1179 2604 1307 2684 quidem

158 2703 203 2768 rei
226 2701 491 2769 demonstrandae
512 2703 675 2788 superiore
697 2701 756 2766 illa
783 2702 999 2786 disputatione
1027 2701 1147 2769 firmius
1176 2705 1308 2786 aliquod

156 2804 396 2870 tundamentum
418 2809 644 2888 praeparatum
668 2821 739 2868 esse
760 2802 856 2869 uolui.
901 2803 1027 2869 lllustre
1050 2804 1135 2870 enim
1159 2805 1308 2890 Chrysali

157 2905 324 2986 canticum,
348 2904 434 2986 quod
452 2906 631 2972 continetur
653 2903 797 2970 uersibus
820 2908 998 2988 995-918,
1022 2904 1083 2971 9191
1105 2906 1152 2971 ita
1173 2908 1249 2991 fere,
1272 2916 1308 2975 ut

155 3006 294 3072 inlibris
315 3009 423 3089 fertur,
446 3005 638 3072 recentiores
654 3004 784 3071 edidere
807 3027 926 3090 omnes,
950 3027 1014 3073 non
1036 3026 1170 3073 uacuum
1193 3029 1213 3074 a
1235 3030 1305 3076 een·

155 3108 282 3174 tonibus
298 3106 341 3172 ad
355 3113 497 3173 nostram
513 3111 653 3173 aetatem
675 3108 860 3190 peruenisse
882 3108 948 3173 iam
970 3108 1069 3173 sensit
1084 3109 1136 3174 Fr.
1153 3109 1305 3193 Grryetus.

156 3207 216 3287 Qui
239 3229 311 3275 cum
333 3228 444 3275 uersus
467 3211 647 3272 937-942
671 3207 852 3291 (praeterea
873 3207 951 3289 929)
978 3213 1013 3272 ut
1035 3207 1159 3291 spurios
1185 3229 1304 3294 expun-

142 3317 254 3393 geret,
277 3329 388 3376 uersus
403 3312 464 3372 9511
482 3311 588 3373 91951
605 3309 638 3373 in
654 3309 746 3373 unius
761 3309 895 3374 formam
911 3307 1113 3373 contraheret
1134 3306 1176 3390 (u.
1192 3310 1305 3377 horum

156 3430 305 3476 uersuum
320 3410 392 3474 adn.
409 3408 501 3491 crit),
524 3406 653 3473 minime
669 3409 786 3491 inepte,
809 3408 868 3475 sed
886 3409 981 3493 paulo
1004 3408 1116 3494 fortius
1138 3430 1226 3476 more
1247 3432 1305 3478 suo

156 3517 188 3575 et
210 3516 245 3574 ut
267 3510 332 3575 alia
354 3528 458 3589 eaque
483 3509 632 3592 grauiora
661 3510 778 3575 menda
803 3509 1013 3594 posteriorum
1041 3507 1218 3577 industriae
1246 3515 1305 3580 tol·

157 3609 252 3676 lenda
267 3610 475 3691 relinqueret:
498 3610 576 3676 satis
592 3611 801 3678 memorabile
816 3616 873 3693 est,
898 3609 1134 3692 quod‘fastidio
1156 3612 1242 3679 illius
1264 3635 1306 3680 ex

155 3717 247 3795 parte
269 3731 351 3776 nunc
373 3712 498 3777 aceedit
518 3711 726 3777 uetustissimi
751 3712 850 3779 libri
871 3712 1093 3779 Bobiensis
1122 3714 1305 3798 auctoritas,

157 3833 177 3876 a
199 3832 261 3894 quo
283 3833 413 3896 prorsus
435 3813 579 3880 abesse
601 3834 629 3879 u.
652 3817 821 3878 937-919
844 3851 886 3860 -
909 3832 988 3896 quos
1010 3834 1103 3879 nemo
1125 3835 1189 3879 non
1217 3814 1306 3883 uidet

246 3982 269 4041 l)
287 3977 390 4031 Multae
401 3978 471 4031 enim
483 3985 623 4047 praeterea
637 3981 793 4048 cogitationi
806 3996 866 4035 sese
879 3981 995 4035 offerunt
1007 3980 1218 4035 reconcinuandi
1236 3982 1303 4036 uiue.

155 4063 197 4116 Ne
213 4063 281 4116 illud
298 4060 404 4129 quidem
421 4062 574 4131 praefracte
592 4065 747 4132 negauerim
764 4064 823 4117 fieri
840 4064 977 4133 potuisse,
1001 4070 1032 4118 ut
1048 4065 1179 4132 pristinus
1202 4070 1303 4121 retrac-

155 4133 235 4202 tator=
244 4147 325 4201 rebus
344 4162 398 4200 non
416 4151 508 4213 staret,
527 4147 574 4201 sed
594 4164 659 4202 cura
677 4149 799 4202 ueritatis
817 4149 923 4202 abiecta
941 4164 1095 4216 eorumque,
1114 4151 1227 4218 quaein
1245 4152 1305 4218 ipsa

154 4232 248 4311 tabula
266 4230 458 4298 sequebantur,
475 4233 603 4285 memoria
622 4232 744 4300 deposita
762 4232 807 4296 (cf.
818 4231 911 4285 Goetn.
923 4231 955 4285 de
965 4232 1072 4299 dittogr.
1087 4251 1113 4300 p.
1125 4237 1228 4301 253sq,
1243 4238 1311 4299 2st
1382 4281 1387 4290 .

155 4315 233 4384 plura
250 4315 362 4379 luderet,
380 4315 420 4368 ita
437 4320 468 4368 ut
485 4314 673 4369 diasceuastae
689 4315 914 4382 librariorumque
927 4316 1059 4380 inscitiae,
1079 4317 1125 4384 qui
1142 4317 1303 4386 interpreta-

156 4406 245 4453 menta
256 4400 383 4467 locosque
395 4400 537 4468 parallelos
550 4399 733 4454 internoscere
748 4399 901 4465 nescierint,
920 4399 1070 4454 debeantur
1081 4401 1185 4470 reliqua
1200 4403 1301 4458 omnia:

155 4484 216 4551 plus
235 4484 336 4539 habere
352 4484 552 4553 probabilitatis
571 4500 625 4538 non
642 4483 703 4553 pari
720 4483 850 4538 facilitate
869 4484 1055 4539 concesserim.

1068 4588 1099 4639 Ἰ*
