2948 4746
360 340 402 395 De
420 338 587 394 Bacchidum
604 335 747 390 Plautinae
765 332 958 387 retractatione
976 331 1109 385 scaenica.
1265 333 1305 393 73

158 515 199 582 de
214 517 332 597 Leop.
349 507 593 576 Reinhardti
611 505 843 587 dissertatione,
867 522 949 584 quae
966 510 1015 570 est
1029 503 1068 566 de
1082 513 1308 574 retractatione

158 616 300 700 Epidici,
323 615 442 678 inserta
456 611 619 676 Nauorum
641 607 805 674 annalium
828 605 936 690 philol.
960 611 1045 670 torno
1064 612 1121 674 111
1147 607 1190 691 (a.
1214 613 1308 698 1875)

158 741 189 804 p.
214 719 397 795 tol—200,
427 711 565 793 iniquius
586 708 720 775 iudicari
745 708 858 788 uelim;
889 725 971 787 quae
995 707 1123 787 quidem
1145 729 1248 794 aeque
1271 735 1309 781 ae

159 820 245 905 prior
259 818 317 882 illa
333 814 476 881 eiusdem
498 812 537 875 da
551 807 866 892 retractatisfabulis
882 808 1043 872 Plautinis
1062 812 1202 896 scriptio,
1225 834 1308 896 quae

159 921 276 1001 legitur
296 919 329 983 in
352 914 564 983 Studemundi
586 911 768 975 Studiorum
790 910 853 975 uol.
869 909 915 973 11
942 930 971 993 p.
996 914 1034 974 77
1048 933 1134 996 sqq,
1157 936 1219 981 non
1243 924 1308 983 tam

159 1020 203 1088 ad
225 1020 366 1102 singulos
389 1020 476 1084 locos
497 1021 685 1082 retractatos
707 1016 847 1095 spectat,
877 1030 972 1091 quam
996 1012 1038 1077 ad
1060 1021 1197 1082 totarum
1219 1020 1309 1086 fabu-

159 1125 262 1189 larum
284 1127 503 1203 argumentum
526 1117 755 1197 consiliumque
778 1114 1015 1199 compositionis
1035 1118 1210 1198 posteriore
1232 1125 1308 1186 tern-

160 1245 238 1310 pore
253 1224 463 1289 immutatum.
496 1221 579 1285 Nam
595 1220 724 1301 longum
741 1225 789 1283 est
805 1237 859 1282 eos
883 1235 1077 1299 enumerare,
1101 1221 1155 1300 qui
1176 1223 1309 1288 strictim

161 1331 284 1393 tantum
306 1344 344 1390 aa
367 1330 531 1404 tamquam
553 1319 722 1386 subsiciuis
745 1319 828 1384 euris
851 1319 933 1384 hane
955 1320 1174 1399 quaestionem
1196 1324 1308 1408 attige-

161 1425 278 1509 runt).

246 1524 405 1592 Peculiari
423 1529 539 1609 autem,
552 1523 680 1607 negatio
703 1522 796 1587 huius
817 1523 864 1588 rei
887 1524 1067 1608 exemplum
1091 1544 1131 1618 ex
1155 1528 1309 1616 omnibus,

163 1648 245 1713 quae
267 1630 300 1693 in
321 1627 436 1692 Plauto
459 1631 601 1707 exstant,
629 1625 769 1690 maxime
790 1631 825 1688 ut
846 1623 974 1690 uidetur
1004 1628 1210 1692 memorabile
1240 1650 1309 1713 per-

162 1728 310 1795 trectauit
340 1724 579 1792 Theodorus
608 1727 829 1810 Hesperus,
861 1725 914 1805 qui
943 1746 971 1791 a.
1002 1731 1081 1791 1868
1112 1726 1150 1788 de
1179 1729 1315 1793 Paenula·

162 1830 334 1894 Plautinae
356 1828 475 1911 drapliai
495 1828 583 1888 cuitu
607 1827 711 1892 emisit
734 1825 991 1892 dissertationem
1001 1826 1037 1909 2).
1083 1829 1153 1907 Qua
1182 1830 1311 1910 quidem

163 1933 260 2017 paulo
276 1929 454 1996 accuratius
469 1928 652 1994 examinata
667 1948 736 2011 oum
757 1948 920 2012 speremus
942 1928 1010 1994 fore
1030 1937 1066 1994 ut
1087 1930 1210 2011 aliquid
1231 1934 1310 1997 irue-

83 2032 86 2038 ‘
164 2040 214 2098 tus
236 2031 278 2097 ad
302 2036 442 2096 nostram
464 2050 531 2095 rem
553 2028 725 2111 redundet,
752 2030 792 2095 de
814 2030 1013 2111 grauioribus
1033 2032 1195 2098 nonnullis
1216 2052 1310 2116 gene-

163 2135 317 2200 ratimao
340 2151 436 2213 quam
460 2131 598 2197 maxime
619 2129 689 2196 fieri
711 2138 817 2214 potest
838 2131 948 2214 presse
971 2129 1214 2215 disputabimus.

248 2270 267 2348 §
293 2271 340 2332 12.
377 2268 484 2348 Atque
506 2285 545 2332 00
567 2265 705 2349 quidem,
730 2265 867 2348 quaein
889 2265 1070 2333 uniuersum
1085 2269 1249 2353 Hesperus
1270 2267 1312 2336 de

163 2371 292 2436 fabulae
314 2367 401 2433 illius
424 2366 609 2433 condicione
632 2367 757 2448 statuit,
784 2366 906 2433 00111001
928 2375 1077 2435 nauatam
1099 2369 1312 2436 immutatam-

164 2491 226 2553 que
249 2489 320 2537 eam
344 2488 401 2535 nos
422 2468 542 2534 habere
567 2468 648 2533 alius
677 2476 791 2552 poetae
812 2469 996 2535 Plautinum
1024 2472 1167 2537 fabulam
1197 2478 1312 2537 101100

164 2573 261 2639 tantis
284 2571 416 2650 eiusque
439 2571 552 2637 Plauto
573 2570 732 2636 inferioris
755 2590 853 2654 opera
876 2575 908 2636 et
928 2571 1050 2655 studio,
1074 2573 1223 2655 quodque
1245 2572 1314 2639 imi-

164 2673 258 2741 tatori
280 2673 329 2737 illi
350 2691 423 2736 curn
445 2671 580 2737 Poenuli
603 2672 726 2738 exitum.
744 2672 869 2755 tribuit,
899 2673 953 2753 qui
975 2674 1151 2755 posteriore
1180 2675 1251 2740 loeo
1280 2674 1314 2739 in
1383 2720 1390 2729 -

164 2775 254 2841 libris
276 2778 382 2839 exstat
392 2771 433 2856 ³),
461 2772 543 2838 haee
566 2791 661 2852 quam
684 2774 823 2840 maxime
845 2774 962 2857 probo;
992 2794 1095 2855 neque
1122 2794 1162 2838 ex
1191 2776 1315 2855 reliqua

165 2876 276 2942 fabula
298 2892 378 2955 quos
400 2873 487 2938 locas
511 2891 532 2936 a
560 2880 765 2959 retractatore
794 2875 953 2956 profectos
983 2874 1179 2940 enumerarit
1208 2873 1312 2957 modo,

164 2996 228 3042 non
250 2974 466 3059 disputatione
493 2975 729 3057 conprobauit,
757 2974 817 3039 hos
846 2993 929 3039 nune
958 2975 991 3038 in
1019 2973 1170 3040 iudicium
1199 2995 1314 3042 uocare

165 3077 254 3143 uolo:
277 3075 381 3158 ipsum
397 3073 516 3138 exitum
532 3074 639 3156 talem,
663 3074 791 3154 qualem
811 3070 969 3158 expressit
983 3076 1156 3158 Hesperus,
1179 3077 1222 3141 ab
1243 3077 1314 3161 ipso

165 3179 279 3243 Plauto
303 3181 404 3241 ortum
428 3194 499 3241 esse
521 3174 577 3241 uix
600 3176 679 3241 mihi
700 3174 888 3260 persuadeo,
914 3197 973 3243 neo
995 3176 1096 3260 magis
1119 3177 1314 3245 subditiuum

126 3303 132 3312 ⁸
166 3279 257 3344 illum
279 3278 413 3342 alterum
436 3279 477 3342 ab
499 3277 660 3344 imitatore
682 3278 738 3344 illo
762 3278 876 3344 Plauti.
989 3276 995 3287 '

255 3480 277 3541 1)
300 3475 383 3530 Velut
407 3476 553 3533 Teuffelius
576 3478 647 3531 Mus.
666 3477 754 3532 Rhen.
778 3482 796 3531 t.
816 3477 881 3531 VllI
902 3493 929 3545 p.
947 3481 979 3531 19
991 3493 1047 3545 sq.,
1071 3483 1089 3530 t.
1109 3479 1186 3532 XXX
1204 3496 1230 3548 p.
1250 3483 1313 3549 3183

167 3563 196 3618 0.
206 3561 338 3615 Dziatzlro
354 3561 425 3616 Mus.
440 3562 525 3616 Rhen.
542 3566 560 3616 t.
576 3561 666 3617 XXIV
680 3579 707 3631 p.
722 3565 771 3615 183
782 3577 831 3630 sq,
850 3567 867 3615 t.
878 3561 970 3614 XXIX
982 3578 1008 3631 0.
1019 3567 1065 3630 533
1085 3562 1314 3619 oecumenius
1368 3604 1370 3611 .

166 3647 236 3703 Nou.
256 3645 347 3700 annal.
365 3645 431 3713 phil.
451 3649 470 3700 t.
488 3650 520 3701 99
538 3650 571 3712 (a.
589 3650 663 3711 1869)
681 3664 707 3715 p.
724 3650 868 3711 182-481,
887 3647 940 3701 alii.

252 3734 278 3796 2)
296 3729 397 3784 Exstat
413 3730 442 3784 in
460 3731 531 3785 Nou.
550 3731 637 3785 annal.
656 3730 748 3800 philol.
767 3731 820 3785 ual.
841 3731 927 3800 suppl.
947 3731 971 3786 V
989 3749 1015 3801 p.
1034 3735 1176 3786 tre-305.

253 3821 279 3880 3)
296 3815 370 3869 Idem
388 3814 552 3869 Ritschelius
572 3814 741 3869 iudicauerat
757 3815 865 3884 Parerg.
885 3832 911 3884 p.
928 3820 1016 3870 600—
1026 3819 1083 3869 602.
1119 3816 1161 3870 De
1177 3817 1314 3871 contraria

167 3899 277 3969 Bergkii
295 3899 401 3967 (Philol.
416 3903 476 3954 131
494 3916 521 3968 0.
533 3905 592 3963 244)
610 3900 810 3969 Bragmanique
827 3898 1028 3966 (Quemadmod.
1043 3900 1071 3953 in
1089 3901 1169 3956 lamb.
1188 3901 1314 3956 000110-
1416 3965 1420 3973 Ι

167 3987 243 4040 mani
255 3991 359 4039 0010100
371 3986 515 4040 uerborum
528 3992 656 4040 accentus
667 4001 727 4040 curn
737 4001 839 4038 numer.
850 3985 1034 4039 eorrsoaiarint
1046 3984 1132 4040 thesis
1143 3986 1166 4050 l)
1180 3985 1314 4040 sententia

106 4142 108 4146 ,
169 4070 203 4125 cf.
214 4070 354 4126 Goetzium
363 4069 428 4124 Act.
439 4069 542 4125 soavi
553 4085 579 4138 p.
591 4073 654 4138 ³263
670 4069 745 4124 euius
757 4068 987 4125 commentationis
998 4071 1208 4138 praetereauide
1220 4088 1246 4140 p.
1256 4075 1313 4126 254.
