2940 5144
360 794 403 847 De
420 793 586 850 Bacchidem
604 792 747 848 Plautinae
765 793 958 850 retractatione
976 795 1110 850 scaenica.
1253 792 1314 854 129

156 985 220 1030 non
243 985 302 1049 par
325 970 394 1029 erat
416 963 448 1027 in
479 963 615 1030 eandem
644 964 792 1047 copulam
822 983 893 1029 cum
921 967 1138 1033 retractatoris
1167 967 1312 1034 uersibus

157 1085 231 1132 eum
255 1063 408 1131 conicere.
442 1064 541 1145 Atqui
564 1084 650 1130 more
673 1084 731 1129 suo
755 1062 951 1146 distinguere
974 1074 1121 1132 accurate
1143 1073 1313 1150 utrumque

157 1186 258 1249 genus
281 1163 451 1245 Ussingius
473 1165 624 1250 neglexit.
668 1163 804 1230 Omnino
827 1165 1064 1249 dittographiae
1085 1167 1225 1234 rationes
1248 1187 1311 1234 non

157 1265 205 1330 113
228 1266 386 1348 occultae,
416 1271 449 1331 ut
471 1264 601 1349 opinor,
631 1283 713 1345 quae
736 1272 843 1332 tamon
865 1269 968 1332 latens
991 1265 1097 1332 adhuc
1118 1267 1151 1332 in
1173 1288 1310 1335 errorem

158 1365 285 1432 induxit
302 1365 446 1433 homines
463 1365 584 1449 doctos,
607 1385 648 1431 ne
663 1366 711 1430 illi
728 1365 857 1448 quidem
871 1374 1058 1452 perspectas
1074 1385 1145 1434 3333
1168 1376 1310 1453 apparet.

244 1467 366 1548 Quodsi
380 1477 509 1552 praeter
522 1467 706 1552 interpolati
722 1472 905 1535 1131333487
923 1468 1194 1552 importunitatem
1209 1470 1312 1536 omnis

159 1568 330 1635 difficultas
353 1570 540 1636 consisteret
554 1570 587 1634 in
602 1568 791 1653 repetitione
810 1570 978 1637 uerborum
1001 1571 1078 1655 quid
1092 1570 1310 1654 3131133113,

158 1671 307 1752 equidem
330 1671 372 1735 ad
394 1676 635 1738 retractatorem
660 1673 802 1755 proiecto
831 1692 894 1738 non
923 1692 1130 1755 recurrerem,
1161 1672 1219 1740 sed
1248 1693 1311 1738 uno

157 1772 299 1839 remedio
315 1773 439 1839 fortiter
453 1772 588 1838 sublatis
600 1770 724 1838 mendis
737 1773 883 1839 omnibus
898 1782 1103 1858 personatum
1119 1793 1189 1841 3333
1205 1775 1310 1841 locum

158 1892 337 1955 censerem,
367 1873 395 1939 si
417 1874 497 1939 nihil
520 1874 709 1940 retineretur
731 1873 793 1940 nisi
815 1895 895 1941 unus
917 1875 970 1942 hic
992 1895 1103 1944 uersus
1126 1897 1167 1943 ex
1189 1877 1310 1961 glosse-

157 1981 279 2039 matum
301 1976 393 2040 turba
417 1975 646 2058 expiscandus:
728 2012 734 2018 -

345 2123 409 2177 Plhs
428 2123 564 2190 uidissem,
583 2125 607 2179 31
624 2125 743 2192 opperiri
761 2120 858 2178 uellem
876 2122 1016 2192 paulisper
1033 2126 1133 2195 modo,

158 2261 212 2347 qui
235 2260 322 2327 haud
345 2261 452 2344 inepte
475 2260 583 2327 statim
607 2262 755 2344 excipere
776 2264 902 2343 poterat
931 2280 1057 2326 uersum
1080 2265 1154 2327 485.
1196 2263 1310 2342 Neque

156 2364 297 2430 insolens
321 2369 406 2428 esset
429 2363 610 2447 exemplum
634 2361 728 2426 trium
754 2378 902 2426 uersuum
929 2380 970 2426 ex
999 2361 1096 2426 uariis
1123 2362 1309 2446 interpreta-

156 2467 273 2530 mentis
288 2464 330 2530 ad
347 2462 572 2547 explicandum
586 2482 684 2528 unum
706 2460 879 2544 genuinum
901 2461 1018 2527 sensim
1041 2462 1175 2527 conlatis
1198 2483 1218 2528 3
1241 2462 1308 2528 dia·

157 2571 305 2630 sccuasta
328 2564 625 2630 confabricatorum.

243 2719 271 2796 ᾖ.
296 2720 346 2781 35.
391 2715 475 2794 Quid
497 2715 597 2781 uero?
627 2717 839 2798 quaesiti
863 2722 895 2781 31
918 2735 1000 2799 quae
1021 2736 1051 2780 u.
1075 2714 1308 2794 tranguntur

157 2818 266 2901 qualia
281 2836 352 2883 3333
368 2816 593 2884 existimabis?
626 2815 688 2896 Qui
710 2837 775 2882 una
797 2822 959 2897 tamquam
981 2836 1061 2883 uoce
1082 2815 1217 2883 eandem
1239 2835 1308 2883 sen-

155 2919 287 2985 tentiam
303 2918 507 3002 pronuntiare
523 2917 680 2983 uidentur.
716 2918 755 2983 V.
771 2920 833 2982 480
855 2924 961 2985 autem
984 2916 1075 2981 labra
1091 2917 1309 2981 1111111311-

155 3040 248 3104 quom
264 3019 396 3102 auferre
409 3039 484 3084 num
500 3018 588 3085 aliud
604 3027 661 3103 331,
685 3038 780 3100 quam
796 3019 943 3102 osculari,
968 3018 1054 3100 quod
1069 3020 1164 3085 estin
1179 3021 1308 3086 34781

156 3141 239 3204 quae
261 3125 388 3187 exstant
409 3142 439 3187 u.
464 3123 542 3204 482,
567 3138 662 3200 quam
686 3119 758 3203 illa,
786 3138 868 3200 quae
890 3118 1089 3185 continentur
1112 3139 1222 3186 uersus
1246 3123 1307 3184 480

155 3221 395 3306 prioreparte?
440 3221 530 3300 Quae
559 3214 674 3309 omnia¹
694 3220 723 3284 si
752 3218 996 3300 deliberaueris,
1027 3218 1122 3284 133113
1152 3217 1308 3285 concedes

154 3323 234 3388 nihil
250 3324 365 3389 certius
381 3341 462 3403 3333,
486 3339 583 3401 quam
598 3341 661 3385 non
681 3317 863 3384 cohaesisse
885 3317 1059 3398 antiquitus
1083 3307 1142 3382 has
1165 3317 1308 3385 eiusdem

155 3422 334 3505 argumenti
357 3421 500 3503 geminas
522 3426 647 3502 partes:

668 3599 744 3653 Rec.
762 3600 795 3653 A.

156 3721 245 3775 LYD:
265 3700 341 3772 itane
359 3720 466 3785 oportet
482 3715 540 3774 rem
558 3716 712 3772 mandatam
729 3713 822 3784 gerere
840 3715 920 3770 amici
937 3714 1039 3779 sedulo,

155 3783 193 3857 l'lt
210 3805 285 3871 ipsus
303 3803 332 3855 in
349 3800 448 3869 gremio
467 3800 654 3856 adsculantem
672 3800 810 3856 mulierem
827 3797 918 3855 tenerit
936 3798 1050 3853 sedens?

156 3885 226 3941 Nam
245 3885 299 3939 3113
317 3882 473 3951 memorare,
492 3899 562 3952 quae
579 3884 654 3939 illum
671 3883 761 3940 ficere
778 3885 844 3951 uidi,
863 3883 996 3953 dispudet,

157 3972 243 4038 Quom
260 3983 369 4022 manum
387 3969 438 4022 sub
456 3968 617 4023 uestimenta
635 3969 669 4023 ad
688 3970 785 4038 corpus
803 3970 893 4024 tetulit
910 3966 1043 4022 Bacchidi

157 4056 203 4109 Me'
221 4057 370 4124 praesente,
389 4050 477 4121 neque
495 4052 595 4121 pudere
614 4052 766 4121 quicquam.
794 4054 857 4123 quid
876 4051 968 4107 uerbis
987 4051 1086 4122 opust?

159 4177 362 4188 ---—-——

157 4261 298 4326 praeterea
322 4255 386 4309 licet
408 4271 471 4308 num
493 4255 608 4310 Plautus
630 4255 803 4325 inspectandi
823 4256 910 4308 maior
932 4254 1014 4324 copia
1035 4253 1133 4308 dixerit
1153 4268 1202 4321 pro
1226 4259 1307 4327 copia

158 4341 260 4395 1111111111
272 4341 453 4410 inspectcodl3
473 4339 589 4394 facultas
606 4341 675 4394 enim
688 4338 798 4393 uidendi
812 4338 913 4403 aderat,
931 4353 1018 4407 neque
1029 4337 1076 4392 illa
1088 4338 1149 4405 ipsa
1161 4341 1209 4390 aut
1220 4339 1308 4395 maior

158 4429 205 4479 out
222 4424 309 4478 minor
326 4425 435 4494 proprie
453 4425 505 4480 dici
523 4428 652 4494 poterat,
665 4439 724 4478 cum
743 4427 849 4494 tempus
867 4420 972 4490 longius
991 4421 1137 4478 breuiusue
1154 4420 1307 4489 significan-

159 4508 221 4562 dum
239 4513 318 4564 essct.
435 4492 438 4506 Χ

208 4602 322 4653 Leipziger
335 4603 435 4646 Studien.
454 4603 492 4644 Ill.
1088 4595 1103 4645 9
