2940 5144
336 215 377 277 60
735 217 910 272 Gualtharius
927 217 1101 271 Brachmann

335 392 409 475 logo
432 390 577 456 Eunuchi
599 409 629 454 u.
650 392 690 451 25
714 389 810 453 refert
835 386 977 451 Colacem
1000 410 1066 451 esee
1089 387 1195 451 Nasoi
1218 398 1250 451 et
1270 387 1382 451 Plauti
1401 397 1470 450 oet.

336 512 403 555 rom
422 490 587 574 fabulam
617 487 702 570 quod
733 489 862 571 quidem
887 492 1013 558 conlato
1039 512 1069 557 ιι.
1094 495 1133 553 30
1160 488 1262 553 Colum
1287 487 1428 551 Meoaad
1458 491 1470 546 ἴ

338 599 370 657 et
391 612 420 657 u.
438 594 478 656 33
490 610 536 674 sq.
559 590 617 654 sed
635 611 689 653 eus
712 587 793 674 (scil.
806 591 974 677 personas)
996 590 1051 675 <ab
1072 589 1158 674 aliis>
1172 589 1284 673 sactus
1303 591 1395 673 prr'as
1417 587 1468 650 L

337 695 419 756 tabas
440 694 534 756 sobac
555 713 638 766 seso,
668 690 703 754 id
723 713 800 755 uero
823 703 978 776 peraequat
1005 693 1093 758 nullo
1122 692 1186 757 alio
1215 691 1310 758 modo
1339 690 1470 766 intell

336 801 442 880 potest
462 794 523 860 nisi
545 794 621 860 hoc:
649 793 765 860 Naeuii
787 795 945 877 fabulam,
969 814 1009 860 ex
1031 793 1199 859 Menandri
1220 792 1349 875 quidem
1368 790 1470 858 (iol

336 916 473 981 uersam,
495 917 516 963 a
538 897 652 962 Plauto
675 896 884 961 instauratam
908 915 980 962 esse
991 894 1022 976 ¹).

423 997 555 1063 Constat
574 997 670 1080 igitur
693 1016 763 1061 earn
787 1017 882 1080 quarn
905 997 1044 1062 diximus
1066 1016 1132 1062 rem
1155 995 1403 1061 aRomanorum
1429 1015 1467 1062 us

337 1097 483 1165 scaenico
506 1098 635 1165 minime
657 1098 875 1180 abhorruisse,
905 1117 1008 1180 neque
1032 1096 1207 1179 quidquam
1233 1097 1275 1163 ab
1305 1095 1366 1161 bac
1393 1118 1430 1182 p=
1465 1126 1470 1151 ι

338 1200 456 1266 orietur
478 1197 690 1284 difficultatis,
720 1200 748 1266 si
770 1200 964 1280 argumentis
986 1197 1116 1265 aliunde
1141 1199 1250 1282 petitis
1278 1197 1461 1275 adducamu

338 1306 373 1366 ut
395 1320 466 1366 curn
493 1300 686 1381 reliquorum
715 1301 903 1366 comicorum
934 1306 1000 1367 tum
1023 1300 1129 1366 Plauti
1157 1300 1282 1366 fabulas
1311 1298 1465 1380 antiqui·

337 1406 525 1468 retractatas
547 1420 618 1467 esse
640 1401 813 1468 credamus.

424 1538 443 1614 ξ
465 1539 494 1600 2.
530 1538 599 1603 Iam
615 1556 690 1602 uero
705 1536 853 1617 leguntur
867 1536 899 1602 in
915 1535 1086 1603 comoediis
1101 1536 1218 1618 latinis,
1241 1555 1323 1618 quae
1346 1541 1470 1603 aetate

339 1637 488 1719 tulerunt,
512 1637 573 1702 loci
590 1636 675 1704 haud
692 1637 786 1721 pauci
808 1657 939 1704 numero
961 1637 1007 1703 ita
1030 1637 1201 1720 constituti,
1225 1644 1258 1703 ut
1280 1637 1367 1704 nullo
1390 1657 1460 1704 mo

339 1739 425 1806 credi
446 1739 571 1822 possint
591 1739 723 1822 pristino
745 1747 860 1824 poetae
883 1739 1013 1805 consilio
1037 1759 1106 1805 curn
1134 1740 1258 1820 reliqua
1286 1740 1338 1805 nel
1368 1756 1469 1804 scaen

338 1842 391 1906 uel
413 1840 523 1906 fabula
545 1841 702 1907 coniuncti
724 1842 831 1907 fuisse.
872 1841 1015 1907 Aliorum
1039 1841 1123 1906 enirn
1145 1845 1364 1926 argumentum
1388 1845 1447 1905 aut

338 1942 565 2008 sententiarum
587 1963 672 2010 nexu
694 1943 833 2009 alienum
856 1947 905 2008 est
927 1943 1052 2026 antiis,
1077 1963 1159 2024 quae
1182 1943 1253 2007 aliis
1275 1939 1466 2006 eiusdemi:

339 2044 434 2109 bulae
456 2043 535 2110 locis
558 2045 625 2108 siue
648 2043 793 2110 dicuntur
814 2043 883 2108 siue
909 2051 1061 2126 aguntur,
1090 2051 1201 2126 aperte
1231 2046 1401 2126 repugnat:
1430 2043 1464 2108 al

339 2164 458 2224 eorum,
481 2162 564 2224 quae
586 2150 642 2210 aut
664 2163 761 2227 supra
783 2151 838 2209 aut
859 2145 942 2209 infra
963 2147 1123 2228 leguntur,
1146 2164 1274 2228 prorsus
1295 2142 1426 2226 gemelli
1457 2171 1461 2200 ι

338 2244 450 2313 uicarii
472 2263 544 2309 esse
566 2244 637 2327 ipsa
659 2266 761 2310 rerum
784 2247 1074 2327 sententiarumque
1096 2246 1301 2329 aequalitate,
1327 2244 1469 2311 interdu=

338 2345 421 2411 adeo
450 2345 617 2410 uerborum
646 2346 854 2414 similitudine
883 2349 1051 2413 manifesto
1081 2354 1263 2428 arguuntur.
1315 2346 1468 2427 Utriusqu

338 2446 464 2529 generis
482 2447 657 2513 communis
673 2467 711 2511 ea
727 2455 776 2513 est
792 2448 944 2530 condicio,
967 2454 1002 2514 ut
1023 2448 1120 2515 nullis
1142 2447 1298 2515 machinis
1321 2466 1392 2512 aum
1421 2475 1425 2504 =
1450 2446 1469 2465 '⁸

339 2547 483 2615 eiusdem
497 2546 627 2613 fabulae
642 2550 785 2632 partibus
804 2551 966 2617 conciliari
987 2549 1118 2634 possint.
1156 2549 1253 2615 (iuius
1275 2549 1322 2614 rei
1344 2554 1378 2613 ut
1399 2548 1465 2614 luc

294 2660 299 2673 “
338 2649 517 2717 lentissima
539 2649 682 2716 adferam
706 2654 869 2736 exempla:
893 2652 957 2716 iam
979 2672 1072 2718 nemo
1094 2650 1196 2716 nescit
1217 2657 1252 2715 ut
1267 2648 1407 2714 Andriae
1425 2650 1470 2713 'll-

174 2738 189 2763 '
293 2804 295 2809 ,
337 2752 501 2819 rentianae
518 2751 565 2817 ita
578 2752 713 2818 Poenuli
734 2754 903 2820 Plautinae
926 2753 1085 2838 duplicem
1108 2757 1235 2818 exstare
1257 2751 1386 2832 exitum,
1410 2770 1467 2833 qu·

228 2868 230 2872 “
252 2870 255 2874 ·
293 2896 296 2903 -
336 2872 406 2918 rum
428 2851 556 2938 quidem
578 2859 712 2938 apparet
733 2856 919 2922 alterutrum
942 2861 1065 2920 tantum
1088 2853 1121 2918 in
1144 2870 1260 2918 scaena
1282 2853 1408 2918 recitari
1430 2871 1466 2934 p·

338 2955 444 3021 tuisse.
489 2955 554 3020 Sed
575 2955 609 3019 in
630 2955 745 3022 mediis
768 2976 893 3039 quoque
915 2957 1035 3022 fabulis
1057 2954 1212 3021 Plautinis
1241 2954 1308 3020 fere
1340 2953 1448 3019 omnib

338 3054 457 3139 passim
479 3055 681 3122 inueniuntur
703 3057 775 3139 loci,
801 3077 935 3139 quorum
959 3078 998 3124 ea
1021 3078 1115 3141 quam
1139 3055 1206 3120 dixi
1231 3062 1279 3120 est
1300 3054 1426 3120 indoles
1455 3084 1460 3112 ι

338 3162 460 3222 natura.
498 3157 603 3238 Atque
618 3157 856 3223 manifestorum
872 3157 1001 3239 quidem
1017 3156 1110 3223 huius
1125 3157 1253 3240 generis
1268 3156 1470 3240 exemploru

339 3256 417 3333 satis
440 3275 556 3338 magna
579 3256 671 3340 copia
693 3277 762 3322 oum
786 3257 999 3338 antiquiorum
1024 3259 1212 3340 criticorum,
1235 3257 1379 3340 inprimis
1400 3277 1470 3323 ace

339 3355 410 3420 rimi
430 3357 515 3421 illius
536 3357 814 3440 interpolationem
838 3357 1042 3441 indagatoris,
1065 3360 1268 3426 Franciscum
1291 3358 1470 3441 Guyetu·

340 3457 422 3539 dico,
445 3456 590 3521 acumine
604 3459 740 3540 cognita,
763 3465 830 3524 tum
853 3466 961 3526 nostra
983 3466 1089 3526 aetate
1112 3461 1144 3526 in
1167 3460 1307 3526 medium
1325 3464 1468 3543 protraat

338 3562 465 3642 patent:
488 3577 550 3622 non
564 3578 668 3642 pauca
682 3559 714 3622 in
730 3560 897 3626 continuae
912 3562 1063 3628 orationis
1078 3562 1193 3646 specie,
1218 3580 1313 3642 quam
1336 3559 1469 3625 uidelio

339 3660 412 3725 libri
435 3658 654 3741 editionesque
677 3679 754 3744 prae
777 3681 811 3726 se
833 3662 953 3745 lerunt,
983 3661 1205 3729 delitescentia
1226 3662 1389 3727 hominum
1413 3661 1470 3727 do

340 3764 442 3826 torum
464 3759 568 3827 adbuc
590 3770 777 3846 exspectant
798 3782 914 3828 curam.

427 3947 450 4007 t)
469 3941 509 3996 cf.
529 3942 706 4000 Ritscbelium
725 3945 832 4014 Parerg.
850 3962 878 4015 p.
897 3949 1024 4000 99-104.
