2940 5144
372 681 414 736 De
432 679 600 735 Bacchidum
617 678 761 735 Plautinae
778 679 972 740 retractatione
991 680 1125 736 scaenica.
1279 679 1319 739 67

169 854 271 938 magis
293 850 466 920 tenendum
489 856 538 916 est
560 846 697 916 eundem
718 850 784 916 iam
809 870 892 917 anno
918 853 1014 933 1840,
1044 872 1115 918 oum
1145 851 1184 914 de
1205 848 1326 935 duplici

163 957 258 1018 eece
289 953 432 1015 Andriae
466 952 671 1014 Terentianae
700 956 810 1036 ageret
838 951 962 1017 adscito
991 953 1125 1019 Poenuli
1153 953 1322 1020 Plautinae

169 1055 334 1139 exemplo,
364 1053 490 1119 etiamsi
512 1052 652 1117 nondum
674 1051 870 1122 intellectum
893 1058 995 1132 esset,
1026 1072 1122 1135 quam
1144 1056 1209 1120 late
1232 1062 1320 1139 pate-

168 1165 239 1223 rent
254 1155 392 1239 duplicis
408 1153 601 1220 recensionis
616 1154 649 1219 in
664 1154 782 1220 fabulis
797 1154 955 1220 Plautinis
977 1155 1122 1235 uestigia,
1144 1155 1192 1220 ita
1214 1161 1321 1221 tamen

168 1258 264 1324 totius
287 1255 483 1341 quaestionis
506 1274 663 1321 summam
687 1255 881 1340 expressisse
896 1254 935 1337 ¹),
964 1262 1000 1321 ut
1020 1257 1105 1321 intra
1127 1255 1324 1322 lineamenta

168 1360 210 1424 ab
238 1359 295 1425 illo
325 1358 420 1423 ducta
449 1357 630 1422 etiamnunc
659 1356 779 1441 optime
808 1357 960 1423 consistat
988 1357 1137 1422 uniuersa
1164 1357 1212 1422 rei
1241 1359 1323 1424 ratio

169 1465 239 1525 octo
262 1460 362 1524 ferme
386 1460 556 1524 lustrorum
578 1457 693 1524 studiis
714 1457 912 1542 amplissime
935 1462 1037 1524 aucta.

253 1563 352 1627 Multo
375 1561 517 1626 acutiore
541 1579 636 1641 quam
652 1558 800 1626 Osannus
823 1559 941 1626 indicio
963 1560 1109 1627 Theod.
1133 1560 1322 1644 Bergkius
1402 1554 1408 1618 i

168 1684 243 1731 usus
259 1661 424 1746 ingeniose
447 1660 488 1726 de
510 1660 624 1728 eodem
647 1665 832 1742 argumento
856 1660 1006 1727 disseruit
1027 1662 1061 1728 in
1075 1661 1207 1728 Diurnis
1221 1662 1321 1742 antiq.

167 1765 249 1831 stud.
271 1785 299 1828 a.
326 1766 406 1826 1848
429 1783 460 1847 p.
485 1766 581 1844 113213
611 1763 738 1845 singula
759 1769 867 1830 tamen
888 1770 924 1830 ut
946 1765 1136 1847 explanaret
1161 1760 1321 1830 interdum
1391 1803 1394 1811 -

167 1888 208 1934 ne
230 1865 277 1931 illi
300 1862 430 1945 quidem
451 1863 521 1948 pari
542 1871 657 1930 euentu
681 1865 813 1950 contigit
822 1865 857 1946 2).
895 1864 963 1948 Cui,
987 1884 1185 1948 comparum
1208 1884 1322 1931 seuera

168 1985 280 2034 norma
304 1965 475 2031 adstrictus
497 1965 540 2031 ad
565 1966 783 2048 quaestionem
806 1965 1049 2051 aggrederetur,
1073 1965 1189 2032 accidit
1211 1973 1245 2031 ut
1267 1971 1322 2031 aut
1428 2021 1437 2027 .

168 2068 359 2150 euagaretur
381 2064 423 2130 ad
446 2067 666 2143 sollicitandos
689 2068 776 2133 locos
799 2088 927 2152 prorsus
945 2086 1040 2134 sanos
1064 2066 1168 2150 (uelut
1183 2087 1253 2132 oum
1269 2086 1320 2132 uu.

167 2170 253 2235 Trio.
271 2172 332 2233 409
349 2176 381 2234 et
398 2159 460 2232 852
482 2169 689 2236 retractatori
704 2168 882 2250 tribueret),
906 2176 962 2235 aut
983 2168 1142 2239 contrario
1164 2167 1242 2233 uitio
1265 2166 1319 2232 ad·
1353 2221 1358 2273 ἱ

167 2273 263 2337 misso
286 2289 392 2336 meras
414 2270 676 2355 interpolationes
698 2291 756 2354 pro
780 2269 1067 2354 dittographiis‘e'x
1091 2269 1162 2354 ipsa
1184 2268 1321 2349 antiqui·
1355 2267 1368 2347 ij

167 2379 232 2439 tate
247 2371 430 2456 repetendis
446 2371 580 2437 haberet
595 2371 645 2455 (ut
658 2371 776 2438 Bacch.
793 2391 822 2437 u.
838 2371 925 2452 430).
958 2372 993 2436 In
1009 2369 1088 2455 ipsis
1103 2375 1211 2436 autem
1227 2368 1320 2433 ditto-
1359 2359 1365 2383 ²

166 2473 310 2558 graphiis
324 2479 358 2538 ut
373 2472 544 2556 pristinum
559 2473 723 2556 utriusque
747 2471 942 2556 recensionis
964 2492 1121 2538 conexum
1142 2470 1322 2539 restitueret

167 2582 199 2640 et
229 2576 375 2659 neglecto
404 2593 532 2658 prorsus
562 2575 723 2640 tralaticio
753 2575 864 2640 ordine
894 2593 935 2638 ex
964 2572 1128 2640 incondito
1158 2578 1322 2656 tamquam

167 2673 399 2742 uersiculorum
412 2692 511 2760 grege
528 2693 607 2756 quos
625 2674 740 2741 liberet
762 2675 946 2742 consociare
969 2694 1065 2754 ausus
1088 2679 1137 2741 est
1159 2673 1321 2757 (exempla

167 2778 284 2844 habeto
307 2764 503 2843 Bacchidum
527 2796 639 2842 uersus
661 2780 840 2859 375-381,
865 2776 1043 2842 Trinummi
1066 2773 1265 2858 ece-312),
1289 2781 1321 2841 et

126 2953 129 2956 ⁴
167 2881 390 2964 opitulatorem
413 2877 586 2944 admodum
608 2878 790 2960 frequenter
820 2875 1055 2945 diasceuastam
1083 2878 1146 2943 sibi
1173 2876 1319 2960 adsoiuit,

167 2981 219 3064 qui
244 2982 388 3047 consulto
411 2980 542 3045 nimiam
566 2981 711 3045 binarum
733 2980 871 3064 partium
901 2979 1141 3046 similitudinem
1170 2980 1320 3046 obscura·

165 3083 265 3148 uisset
288 3080 391 3164 (uelut
412 3081 529 3147 Bacch.
552 3101 583 3147 u.
607 3084 685 3164 430,
715 3082 802 3146 Trin.
825 3080 919 3163 670):
949 3081 1065 3162 quibus
1088 3078 1217 3161 quidem
1245 3079 1319 3145 arti·

165 3183 245 3248 liciis
268 3188 402 3268 apparet
425 3183 545 3249 eleuari
567 3183 614 3248 rei
635 3181 741 3246 fidem.

251 3352 271 3430 ἓ
293 3355 337 3416 8.·
355 3351 462 3431 Atque
478 3371 519 3416 ex
535 3368 574 3415 ea
590 3347 719 3429 quidem
741 3348 861 3430 fabula,
884 3348 972 3414 ouius
993 3346 1244 3433 perscrutandae
1265 3369 1317 3434 pe·

167 3451 285 3517 ouliare
301 3451 463 3535 negotium
478 3469 536 3515 nos
551 3449 759 3533 suscepimus,
783 3449 898 3529 quibus
915 3447 1054 3514 diximus
1075 3455 1131 3515 aut
1151 3468 1319 3534 perperam

167 3559 311 3617 autnon
339 3541 418 3616 satis
447 3551 675 3635 circumspecte
706 3549 749 3615 ad
776 3569 844 3616 rem
873 3548 1154 3626 demonstrandam
1183 3551 1320 3616 abusum
1422 3622 1425 3630 ,

168 3673 238 3720 esse
264 3652 438 3738 Bergkium
462 3652 629 3737 exemplis,
652 3672 762 3719 eorum
783 3653 878 3720 alteri
899 3672 957 3720 suo
980 3652 1050 3717 loco
1073 3651 1201 3718 uberior
1221 3651 1318 3734 paulo

168 3753 341 3836 disputatio
364 3752 570 3820 concedenda
592 3754 667 3820 erit:
690 3753 731 3818 de
753 3755 864 3839 altero,
885 3775 927 3820 ne
949 3752 1034 3820 absit
1056 3752 1098 3818 ab
1120 3747 1181 3817 hac
1203 3750 1319 3817 disser-

167 3856 288 3924 tatione
303 3856 444 3921 looorum
459 3851 672 3922 consideratio
688 3853 815 3922 illorum
839 3856 893 3937 qui
915 3856 977 3922 huo
998 3852 1169 3937 pertinere,
1193 3852 1320 3920 etiamsi

254 4078 277 4139 1)
296 4070 502 4126 Dissertationis
520 4070 549 4125 in
566 4070 691 4140 Parergis
708 4073 823 4126 iteratae
846 4085 911 4140 prae
935 4060 1042 4125 ceteris
1053 4071 1115 4125 uide
1136 4086 1163 4139 p.
1182 4074 1240 4125 594.
1260 4073 1318 4124 595.

220 4189 249 4200 -
288 4161 311 4211 2,
363 4168 366 4172 ·

167 4164 217 4214 60⁰
253 4163 286 4307 ll)
298 4241 367 4296 Vide
384 4239 443 4294 eius
462 4252 604 4294 censuram
622 4240 786 4309 recensionis
799 4237 949 4293 Trinummi
963 4237 1172 4305 Ritscbelianae,
1189 4238 1319 4293 insertam

167 4327 279 4382 Diurnis
297 4326 379 4393 antiq.
399 4325 469 4378 stud.
487 4338 512 4378 a.
536 4328 599 4378 1818
618 4340 643 4393 p.
664 4327 728 4379 1119
744 4339 816 4392 sqq,
840 4324 959 4391 itemque
980 4321 1147 4377 Bacchidum
1171 4322 1318 4392 Stichique,

167 4411 307 4477 Dierna.
329 4415 394 4466 1850
412 4426 437 4479 p.
457 4413 574 4477 330sqq.
1098 4490 1113 4525 *

1081 4496 1095 4544 5
