2940 5144
357 761 401 815 De
419 760 585 817 Bacchidem
601 759 746 815 Plautime
762 760 955 815 retractatione
973 760 1106 813 scaenica.
1248 758 1305 819 tut

155 936 208 1001 Ex
221 933 274 1001 his
287 931 547 1001 Bitsehelius
568 931 744 1001 exteriores
763 929 893 1013 quidem
908 930 1029 1015 recepit
1042 931 1075 996 in
1091 950 1182 998 suam
1205 950 1311 998 recen-

155 1037 297 1121 sionem,-
311 1032 375 1101 nisi
392 1032 480 1114 quud
501 1038 535 1099 et
556 1032 589 1097 in
609 1033 713 1117 primo
736 1034 865 1101 retinuit
885 1034 977 1095 sotirt'
1002 1051 1106 1113 neque
1128 1034 1258 1099 inseruit
1280 1034 1314 1099 in

158 1142 276 1218 quarto
297 1136 372 1201 hacc
391 1134 517 1202 medios
532 1134 579 1201 ita
592 1134 781 1217 immutauit
805 1140 840 1200 ut
862 1133 905 1199 ad
926 1131 1107 1218 supplenda
1122 1132 1201 1199 hacc
1223 1134 1316 1212 quui

158 1236 243 1300 milri
254 1246 335 1310 croi,
356 1232 465 1321 (aare)
488 1234 524 1297 id
535 1256 584 1297 mc
603 1237 720 1298 sacros
741 1255 853 1302 uersus
868 1238 909 1299 re
932 1236 994 1301 huc
1015 1234 1208 1301 adscisceret
1230 1237 1314 1319 prio-

160 1358 231 1405 rem
257 1344 396 1423 purtem:
423 1335 534 1401 BAC:
567 1337 610 1397 Tc
630 1336 738 1399 umdbo
769 1348 800 1400 et
826 1349 858 1400 te
886 1336 1108 1421 orrrple.1·ribor·;
1139 1335 1213 1402 dein
1241 1344 1314 1421 post

161 1457 287 1505 uersum
300 1440 342 1505 88
363 1457 469 1521 neque
488 1438 664 1525 dispectum
686 1438 777 1504 illum
800 1437 930 1519 quidem
953 1446 985 1505 et
1008 1440 1103 1523 plane
1125 1458 1167 1503 cx
1182 1436 1313 1503 Schnei-

147 1538 229 1607 *dcri
243 1539 425 1607 coniectura
439 1538 603 1624 scriptum,
625 1560 646 1605 a
661 1559 725 1623 qua
740 1540 941 1607 Hermannus
957 1560 996 1605 eo
1018 1546 1203 1622 recesserat,
1227 1539 1314 1623 quod

157 1640 269 1703 rellan
282 1640 450 1707 substituit
463 1662 521 1726 pro
535 1640 698 1703 marcellam
721 1677 762 1687 -
786 1661 868 1724 pone
886 1642 969 1708 hunc
990 1642 1190 1708 conlocatum
1212 1648 1314 1708 totum

156 1742 313 1809 insereret
334 1761 461 1809 uersum
485 1745 543 1825 773
574 1748 733 1827 postremo
759 1744 945 1810 lacunosum
973 1744 1095 1812 scilicet
1123 1764 1248 1811 uersum
1273 1746 1313 1809 se

157 1844 256 1909 talem
279 1862 375 1925 quem
398 1843 475 1909 olim
497 1843 595 1910 fuisse
617 1844 846 1928 suspicaretur:

209 1992 321 2061 (BAO:>
338 1989 428 2048 Satin’
448 1993 497 2062 ego
515 1993 587 2048 istuc
604 1992 692 2048 habeo
711 1992 882 2058 efformatum,
900 1996 944 2063 <ut
962 1994 1016 2049 illis
1035 1996 1121 2051 iratus
1139 1994 1174 2050 ut
1193 1997 1265 2050 sissst‘

157 2128 260 2197 Gaius
282 2129 413 2210 quidem
434 2132 625 2200 sententiam
648 2132 744 2216 plane
766 2130 935 2214 amplexus
958 2136 1007 2197 est
1028 2133 1266 2199 Fleckeiscnus.

243 2248 351 2330 Atque
368 2269 479 2317 omnes
493 2248 553 2332 illi,
576 2249 679 2329 etqui
699 2248 898 2330 septenarios
920 2247 1184 2313 continuauemnt
1205 2253 1238 2313 et
1259 2248 1328 2327 qni.

156 2349 233 2417 talis
254 2349 461 2431 aequalitatis
483 2369 592 2416 curam
615 2349 830 2433 deposuerunt
841 2346 882 2430 ¹),
913 2366 995 2427 quae
1017 2367 1115 2432 supra
1141 2352 1216 2412 sunt
1243 2368 1314 2414 uer·

112 2454 130 2499 “-
157 2470 214 2517 sus
236 2454 256 2515 3
278 2451 457 2535 posteriora
478 2452 580 2517 uerba
600 2447 771 2516 Bacchidis
795 2467 866 2514 esse
889 2447 1133 2514 existimabant:
1159 2468 1242 2528 quae
1264 2468 1313 2515 se·

126 2632 129 2637 ¹
158 2558 344 2635 querentur,
374 2552 526 2618 Nicobuli
548 2550 591 2617 ad
616 2551 675 2616 illa
703 2549 934 2634 respondentis.
978 2547 1072 2627 Quod
1100 2556 1208 2616 tamen
1236 2570 1313 2630 quo-

156 2652 263 2720 minus
283 2653 455 2738 probemus
477 2652 671 2738 impedimur
692 2652 782 2719 uerbi
804 2651 973 2737 offirmare
994 2652 1028 2717 ui
1050 2658 1081 2718 et
1104 2671 1172 2718 usu.
1215 2651 1313 2719 Cuius

159 2774 243 2838 quae
264 2754 306 2821 sit
323 2755 455 2839 propria
477 2754 565 2821 notio
588 2754 786 2839 apertissime
805 2755 975 2823 ostendunt
993 2754 1076 2821 haec
1098 2773 1180 2839 quae
1202 2753 1313 2837 legun·

80 2922 84 2927 .
158 2858 209 2922 tur
224 2855 312 2940 apud
326 2856 499 2941 Apuleium
509 2855 551 2940 2);
571 2858 697 2941 pertica
715 2855 882 2941 offirmare
895 2855 1130 2939 statuttsores:
1154 2863 1203 2924 est
1218 2857 1314 2939 igitur·

159 2956 324 3019 occludere
346 2968 377 3020 ct
400 2957 552 3021 aduersus
575 2960 688 3031 omrtio,
715 2980 795 3043 qrtce
817 2962 1015 3024 eatrr‘nrecos
1037 2958 1196 3032 irtnudont,
1218 2959 1314 3022 stuli-

158 3050 228 3120 lirc.
269 3057 363 3124 Unde
385 3060 464 3126 satis
486 3058 582 3126 facile
603 3058 695 3125 fluxit
718 3060 836 3127 locutio
859 3063 994 3123 caiacum
1017 3059 1194 3142 qffirmorc,
1217 3078 1314 3140 quam

129 3186 139 3199 κ
158 3157 259 3226 habes
273 3159 368 3228 Mero.
385 3161 465 3246 prol.
483 3163 532 3225 82.
554 3160 670 3242 Amph.
687 3162 759 3224 646.
775 3160 892 3225 Pacuu.
906 3162 967 3222 293
982 3157 1087 3239 Ribb.‚
1110 3160 1150 3223 ci.
1166 3157 1230 3222 Cic.
1246 3161 1312 3222 Att.

159 3260 245 3345 1113
268 3281 368 3344 aqua
388 3283 452 3328 non
475 3261 609 3327 multum
632 3258 740 3323 differt
761 3279 795 3319 sc
809 3257 986 3340 offirmare,
1009 3259 1096 3340 quod
1118 3261 1224 3322 exstat
1239 3259 1313 3323 Ter.

157 3359 253 3429 Haut
273 3366 364 3428 1052.
386 3363 503 3428 Accius
520 3364 581 3425 372
604 3359 698 3425 Ribb.
742 3360 811 3424 Iam
834 3378 905 3423 eum
926 3356 1084 3423 infinitiuo
1113 3356 1314 3423 coniunctum

159 3463 326 3547 offirmare
347 3463 508 3546 significat
523 3462 674 3523 aduersus
690 3460 794 3521 arania
811 3478 892 3543 quoe
906 3457 1090 3521 deterreant
1106 3457 1315 3522 detrahantur

159 3565 503 3645 (praeerectissimam
526 3560 673 3642 alicuius)
697 3569 877 3623 comisator
897 3569 1005 3622 tenere
1020 3560 1219 3643 propositum
1242 3582 1315 3624 coa-

157 3664 261 3723 siliom
278 3670 334 3722 aet
344 3661 520 3744 faciendae
540 3663 672 3725 alicuius
692 3662 744 3724 rei
764 3671 819 3723 out
838 3680 901 3723 rere
913 3659 1102 3744 faciendus:
1125 3662 1213 3727 uelut
1234 3662 1313 3743 legi-

159 3763 210 3817 tur
230 3760 318 3821 Pers.
334 3764 397 3821 222
420 3760 622 3845 offirmastia’
647 3761 815 3845 occultare,
838 3760 925 3846 quod
948 3761 1062 3828 eodem
1082 3765 1150 3829 iere
1171 3759 1254 3827 redit
1275 3782 1315 3829 ue

159 3855 193 3921 in
215 3876 245 3920 u.
268 3856 323 3937 qui
344 3859 508 3941 praecedit
530 3873 719 3926 certumnest
740 3864 861 3946 celorc;
892 3862 929 3928 ei.
952 3863 1123 3929 'lendium
1139 3866 1211 3928 atr.
1234 3863 1313 3931 Heu.

159 3962 221 4021 454
244 3953 321 4039 (quo
345 3959 414 4025 loeo
436 3962 583 4028 Donatus
605 3963 831 4047 iuterpretatur
859 3964 1012 4026 aduersus
1033 3965 1137 4026 cronio
1161 3956 1314 4028 obsanare

159 4056 278 4142 opere).
317 4057 423 4125 Simili
437 4048 560 4127 ratione
575 4063 608 4128 iu
623 4059 733 4128 Sticho
749 4083 779 4129 u.
797 4067 837 4130 68
854 4061 969 4129 dicitur
989 4065 1020 4124 ei
1033 4063 1209 4147 affirmabit
1217 4076 1314 4149 puter

248 4314 272 4377 i)
290 4310 402 4376 Adeon,
421 4326 488 4380 quos
507 4299 589 4384 supra
606 4284 753 4379 nummarii,
777 4310 846 4366 addc
858 4308 1021 4376 Ussingium
1047 4309 1094 4376 qui
1110 4326 1136 4363 u.
1155 4311 1188 4362 89
1207 4310 1318 4379 supplet

159 4394 332 4464 offirmatam
348 4395 438 4466 <quod
454 4396 547 4452 utari?
574 4395 668 4463 lllle)
687 4391 768 4459 Quod
783 4394 866 4450 semel
881 4392 944 4448 dixi
960 4391 985 4458 ll.

245 4481 271 4543 2)
289 4479 461 4534 Metamllll
479 4497 540 4552 cap.
551 4487 583 4538 28
601 4484 688 4552 p.200
706 4479 777 4534 Elm.

210 4569 325 4622 Leipzigsr
338 4572 438 4614 Studien.
461 4573 500 4616 ΙΙΙ.
1077 4562 1107 4612 11
