<?xml version="1.0" encoding="UTF-8"?>
<!DOCTYPE html PUBLIC "-//W3C//DTD XHTML 1.0 Transitional//EN"
    "http://www.w3.org/TR/xhtml1/DTD/xhtml1-transitional.dtd">
<html xmlns="http://www.w3.org/1999/xhtml" xml:lang="en" lang="en">
 <head>
  <title>
</title>
<meta http-equiv="Content-Type" content="text/html;charset=utf-8" />
  <meta name='ocr-system' content='tesseract 3.04.00' />
  <meta name='ocr-capabilities' content='ocr_page ocr_carea ocr_par ocr_line ocrx_word'/>
</head>
<body>
  <div class='ocr_page' id='page_1' title='image "./debacchidumplau01bracgoog_0103.png"; bbox 0 0 2940 5144; ppageno 0'>
   <div class='ocr_carea' id='block_1_1' title="bbox 231 564 993 626">
    <p class='ocr_par' dir='ltr' id='par_1_1' title="bbox 231 564 993 626">
     <span class='ocr_line' id='line_1_1' title="bbox 231 564 993 626; baseline -0.003 -2"><span class='ocrx_word' id='word_1_1' title='bbox 231 566 292 626; x_wconf 78' lang='lat'><strong>150</strong></span> <span class='ocrx_word' id='word_1_2' title='bbox 624 564 801 621; x_wconf 75' lang='lat' dir='ltr'><strong>Gueltharius</strong></span> <span class='ocrx_word' id='word_1_3' title='bbox 820 565 993 622; x_wconf 87' lang='lat' dir='ltr'><strong>Brachmann</strong></span> 
     </span>
    </p>
   </div>
   <div class='ocr_carea' id='block_1_2' title="bbox 199 735 1420 3256">
    <p class='ocr_par' dir='ltr' id='par_1_2' title="bbox 199 735 1420 3256">
     <span class='ocr_line' id='line_1_2' title="bbox 229 735 1394 824; baseline -0.001 -19"><span class='ocrx_word' id='word_1_4' title='bbox 229 737 394 806; x_wconf 91' lang='lat' dir='ltr'><strong>blanditiis</strong></span> <span class='ocrx_word' id='word_1_5' title='bbox 415 735 459 803; x_wconf 93' lang='lat' dir='ltr'><strong>ad</strong></span> <span class='ocrx_word' id='word_1_6' title='bbox 480 735 709 820; x_wconf 82' lang='lat' dir='ltr'>turpitudinem</span> <span class='ocrx_word' id='word_1_7' title='bbox 731 735 862 803; x_wconf 89' lang='lat' dir='ltr'><strong>adducti</strong></span> <span class='ocrx_word' id='word_1_8' title='bbox 883 737 947 822; x_wconf 90' lang='lat' dir='ltr'><strong>ipsi</strong></span> <span class='ocrx_word' id='word_1_9' title='bbox 967 736 1051 804; x_wconf 88' lang='lat' dir='ltr'><strong>intro</strong></span> <span class='ocrx_word' id='word_1_10' title='bbox 1075 737 1262 806; x_wconf 87' lang='lat' dir='ltr'><strong>inliciuntur</strong></span> <span class='ocrx_word' id='word_1_11' title='bbox 1289 737 1394 824; x_wconf 87' lang='grc'>(1166</span> 
     </span>
     <span class='ocr_line' id='line_1_3' title="bbox 228 838 1079 923; baseline 0.001 -18"><span class='ocrx_word' id='word_1_12' title='bbox 228 838 383 923; x_wconf 81' lang='lat' dir='ltr'><strong>-rnoc).</strong></span> <span class='ocrx_word' id='word_1_13' title='bbox 1076 884 1079 889; x_wconf 49' lang='lat'>&gt;</span> 
     </span>
     <span class='ocr_line' id='line_1_4' title="bbox 314 939 1420 1026; baseline 0.002 -19"><span class='ocrx_word' id='word_1_14' title='bbox 314 942 363 1007; x_wconf 82' lang='lat' dir='ltr'><strong>Ac</strong></span> <span class='ocrx_word' id='word_1_15' title='bbox 384 940 511 1026; x_wconf 92' lang='lat' dir='ltr'><strong>prima</strong></span> <span class='ocrx_word' id='word_1_16' title='bbox 532 939 662 1022; x_wconf 91' lang='lat' dir='ltr'><strong>quidem</strong></span> <span class='ocrx_word' id='word_1_17' title='bbox 683 959 759 1025; x_wconf 88' lang='lat' dir='ltr'><strong>pars</strong></span> <span class='ocrx_word' id='word_1_18' title='bbox 780 939 952 1007; x_wconf 85' lang='lat' dir='ltr'><strong>manifesta</strong></span> <span class='ocrx_word' id='word_1_19' title='bbox 974 939 1151 1008; x_wconf 82' lang='lat' dir='ltr'><strong>deformata</strong></span> <span class='ocrx_word' id='word_1_20' title='bbox 1180 949 1229 1009; x_wconf 90' lang='lat' dir='ltr'><strong>est</strong></span> <span class='ocrx_word' id='word_1_21' title='bbox 1258 941 1388 1009; x_wconf 91' lang='lat' dir='ltr'><strong>ditto·</strong></span> <span class='ocrx_word' id='word_1_22' title='bbox 1416 960 1420 967; x_wconf 91' lang='grc'><em>·</em></span> 
     </span>
     <span class='ocr_line' id='line_1_5' title="bbox 227 1040 1389 1128; baseline -0.001 -18"><span class='ocrx_word' id='word_1_23' title='bbox 227 1042 410 1128; x_wconf 85' lang='lat' dir='ltr'><strong>graphia.</strong></span> <span class='ocrx_word' id='word_1_24' title='bbox 445 1041 541 1108; x_wconf 78' lang='lat' dir='ltr'><strong>(luins</strong></span> <span class='ocrx_word' id='word_1_25' title='bbox 555 1042 603 1109; x_wconf 90' lang='lat' dir='ltr'><strong>rei</strong></span> <span class='ocrx_word' id='word_1_26' title='bbox 616 1041 840 1126; x_wconf 87' lang='lat' dir='ltr'><strong>grauissimum</strong></span> <span class='ocrx_word' id='word_1_27' title='bbox 856 1040 1009 1109; x_wconf 92' lang='lat' dir='ltr'><strong>indicium</strong></span> <span class='ocrx_word' id='word_1_28' title='bbox 1030 1042 1092 1109; x_wconf 92' lang='lat' dir='ltr'><strong>hoc</strong></span> <span class='ocrx_word' id='word_1_29' title='bbox 1113 1047 1172 1126; x_wconf 88' lang='lat' dir='ltr'><strong>est,</strong></span> <span class='ocrx_word' id='word_1_30' title='bbox 1194 1043 1281 1127; x_wconf 92' lang='lat' dir='ltr'><strong>quod</strong></span> <span class='ocrx_word' id='word_1_31' title='bbox 1302 1044 1389 1109; x_wconf 88' lang='lat' dir='ltr'><strong>inter</strong></span> 
     </span>
     <span class='ocr_line' id='line_1_6' title="bbox 228 1143 1387 1225; baseline 0.002 -15"><span class='ocrx_word' id='word_1_32' title='bbox 228 1166 258 1212; x_wconf 88' lang='lat' dir='ltr'><strong>u.</strong></span> <span class='ocrx_word' id='word_1_33' title='bbox 278 1148 358 1210; x_wconf 90' lang='grc'>1133</span> <span class='ocrx_word' id='word_1_34' title='bbox 382 1163 503 1224; x_wconf 91' lang='lat' dir='ltr'><strong>eosque</strong></span> <span class='ocrx_word' id='word_1_35' title='bbox 524 1144 580 1225; x_wconf 92' lang='lat' dir='ltr'><strong>qui</strong></span> <span class='ocrx_word' id='word_1_36' title='bbox 601 1163 672 1209; x_wconf 95' lang='lat' dir='ltr'><strong>cum</strong></span> <span class='ocrx_word' id='word_1_37' title='bbox 694 1143 751 1207; x_wconf 94' lang='lat' dir='ltr'><strong>illo</strong></span> <span class='ocrx_word' id='word_1_38' title='bbox 774 1143 946 1211; x_wconf 90' lang='lat' dir='ltr'><strong>cohaerent</strong></span> <span class='ocrx_word' id='word_1_39' title='bbox 969 1150 1001 1210; x_wconf 89' lang='lat' dir='ltr'><strong>et</strong></span> <span class='ocrx_word' id='word_1_40' title='bbox 1015 1164 1067 1211; x_wconf 90' lang='lat' dir='ltr'><strong>uu.</strong></span> <span class='ocrx_word' id='word_1_41' title='bbox 1085 1148 1294 1210; x_wconf 83' lang='grc'>1119-1153</span> <span class='ocrx_word' id='word_1_42' title='bbox 1317 1152 1387 1212; x_wconf 90' lang='lat' dir='ltr'><strong>tam</strong></span> 
     </span>
     <span class='ocr_line' id='line_1_7' title="bbox 227 1243 1386 1331; baseline 0 -19"><span class='ocrx_word' id='word_1_43' title='bbox 227 1247 309 1312; x_wconf 89' lang='lat' dir='ltr'><strong>mira</strong></span> <span class='ocrx_word' id='word_1_44' title='bbox 329 1245 498 1313; x_wconf 79' lang='lat' dir='ltr'><strong>intercedit</strong></span> <span class='ocrx_word' id='word_1_45' title='bbox 520 1244 752 1328; x_wconf 77' lang='lat' dir='ltr'><strong>discrepantia,</strong></span> <span class='ocrx_word' id='word_1_46' title='bbox 775 1249 811 1309; x_wconf 87' lang='lat' dir='ltr'><strong>ut</strong></span> <span class='ocrx_word' id='word_1_47' title='bbox 833 1243 973 1311; x_wconf 89' lang='lat' dir='ltr'><strong>dubitari</strong></span> <span class='ocrx_word' id='word_1_48' title='bbox 995 1265 1123 1331; x_wconf 90' lang='lat' dir='ltr'><strong>prorsus</strong></span> <span class='ocrx_word' id='word_1_49' title='bbox 1144 1252 1283 1328; x_wconf 83' lang='lat' dir='ltr'><strong>nequeat</strong></span> <span class='ocrx_word' id='word_1_50' title='bbox 1306 1247 1386 1328; x_wconf 91' lang='lat' dir='ltr'><strong>quin</strong></span> 
     </span>
     <span class='ocr_line' id='line_1_8' title="bbox 226 1346 1387 1432; baseline 0 -19"><span class='ocrx_word' id='word_1_51' title='bbox 226 1350 269 1414; x_wconf 91' lang='lat' dir='ltr'><strong>ab</strong></span> <span class='ocrx_word' id='word_1_52' title='bbox 287 1348 352 1414; x_wconf 87' lang='lat' dir='ltr'><strong>alio</strong></span> <span class='ocrx_word' id='word_1_53' title='bbox 374 1352 472 1431; x_wconf 90' lang='lat' dir='ltr'><strong>poeta</strong></span> <span class='ocrx_word' id='word_1_54' title='bbox 491 1347 582 1414; x_wconf 88' lang='lat' dir='ltr'><strong>aliud</strong></span> <span class='ocrx_word' id='word_1_55' title='bbox 604 1346 772 1413; x_wconf 91' lang='lat' dir='ltr'><strong>consilium</strong></span> <span class='ocrx_word' id='word_1_56' title='bbox 794 1351 904 1413; x_wconf 90' lang='lat' dir='ltr'><strong>secuto</strong></span> <span class='ocrx_word' id='word_1_57' title='bbox 926 1347 970 1430; x_wconf 88' lang='lat' dir='ltr'><strong>hi,</strong></span> <span class='ocrx_word' id='word_1_58' title='bbox 993 1347 1035 1414; x_wconf 90' lang='lat' dir='ltr'><strong>ab</strong></span> <span class='ocrx_word' id='word_1_59' title='bbox 1057 1346 1122 1414; x_wconf 92' lang='lat' dir='ltr'><strong>alio</strong></span> <span class='ocrx_word' id='word_1_60' title='bbox 1144 1347 1193 1413; x_wconf 95' lang='lat' dir='ltr'><strong>illi</strong></span> <span class='ocrx_word' id='word_1_61' title='bbox 1214 1348 1387 1432; x_wconf 75' lang='lat' dir='ltr'><strong>compositi</strong></span> 
     </span>
     <span class='ocr_line' id='line_1_9' title="bbox 226 1446 1384 1533; baseline 0.001 -18"><span class='ocrx_word' id='word_1_62' title='bbox 226 1450 299 1517; x_wconf 89' lang='lat' dir='ltr'><strong>sint.</strong></span> <span class='ocrx_word' id='word_1_63' title='bbox 337 1451 387 1515; x_wconf 88' lang='lat' dir='ltr'><strong>De</strong></span> <span class='ocrx_word' id='word_1_64' title='bbox 410 1468 475 1531; x_wconf 90' lang='lat' dir='ltr'><strong>qna</strong></span> <span class='ocrx_word' id='word_1_65' title='bbox 497 1447 626 1530; x_wconf 92' lang='lat' dir='ltr'><strong>quidem</strong></span> <span class='ocrx_word' id='word_1_66' title='bbox 649 1468 683 1514; x_wconf 89' lang='lat' dir='ltr'><strong>re</strong></span> <span class='ocrx_word' id='word_1_67' title='bbox 704 1448 800 1533; x_wconf 89' lang='lat' dir='ltr'><strong>paulo</strong></span> <span class='ocrx_word' id='word_1_68' title='bbox 822 1454 896 1531; x_wconf 90' lang='lat' dir='ltr'><strong>post</strong></span> <span class='ocrx_word' id='word_1_69' title='bbox 917 1447 1096 1515; x_wconf 82' lang='lat' dir='ltr'><strong>accuratius</strong></span> <span class='ocrx_word' id='word_1_70' title='bbox 1118 1446 1288 1516; x_wconf 90' lang='lat' dir='ltr'><strong>dicendum</strong></span> <span class='ocrx_word' id='word_1_71' title='bbox 1311 1450 1384 1517; x_wconf 90' lang='lat' dir='ltr'><strong>erit.</strong></span> 
     </span>
     <span class='ocr_line' id='line_1_10' title="bbox 226 1547 1387 1635; baseline 0.001 -20"><span class='ocrx_word' id='word_1_72' title='bbox 226 1550 378 1634; x_wconf 87' lang='lat' dir='ltr'><strong>Apertius</strong></span> <span class='ocrx_word' id='word_1_73' title='bbox 400 1551 498 1618; x_wconf 91' lang='lat' dir='ltr'><strong>etiam</strong></span> <span class='ocrx_word' id='word_1_74' title='bbox 520 1555 610 1634; x_wconf 92' lang='lat' dir='ltr'><strong>patet</strong></span> <span class='ocrx_word' id='word_1_75' title='bbox 630 1550 767 1615; x_wconf 89' lang='lat' dir='ltr'><strong>alterum</strong></span> <span class='ocrx_word' id='word_1_76' title='bbox 797 1554 1020 1632; x_wconf 86' lang='lat' dir='ltr'><strong>argumentum</strong></span> <span class='ocrx_word' id='word_1_77' title='bbox 1042 1547 1075 1614; x_wconf 92' lang='lat' dir='ltr'><strong>in</strong></span> <span class='ocrx_word' id='word_1_78' title='bbox 1097 1550 1177 1635; x_wconf 90' lang='lat' dir='ltr'><strong>ipsis</strong></span> <span class='ocrx_word' id='word_1_79' title='bbox 1202 1548 1283 1616; x_wconf 94' lang='lat' dir='ltr'><strong>illud</strong></span> <span class='ocrx_word' id='word_1_80' title='bbox 1313 1552 1387 1635; x_wconf 90' lang='lat' dir='ltr'><strong>qui-</strong></span> 
     </span>
     <span class='ocr_line' id='line_1_11' title="bbox 226 1650 1387 1736; baseline 0.003 -20"><span class='ocrx_word' id='word_1_81' title='bbox 226 1652 302 1718; x_wconf 92' lang='lat' dir='ltr'><strong>dem</strong></span> <span class='ocrx_word' id='word_1_82' title='bbox 324 1652 449 1718; x_wconf 88' lang='lat' dir='ltr'><strong>exordii</strong></span> <span class='ocrx_word' id='word_1_83' title='bbox 470 1650 616 1718; x_wconf 90' lang='lat' dir='ltr'><strong>uersibus</strong></span> <span class='ocrx_word' id='word_1_84' title='bbox 646 1650 793 1734; x_wconf 92' lang='lat' dir='ltr'><strong>positum.</strong></span> <span class='ocrx_word' id='word_1_85' title='bbox 838 1651 956 1716; x_wconf 81' lang='lat' dir='ltr'><strong>Earum</strong></span> <span class='ocrx_word' id='word_1_86' title='bbox 985 1651 1069 1717; x_wconf 92' lang='lat' dir='ltr'><strong>enim</strong></span> <span class='ocrx_word' id='word_1_87' title='bbox 1096 1671 1217 1736; x_wconf 87' lang='lat' dir='ltr'><strong>rerum,</strong></span> <span class='ocrx_word' id='word_1_88' title='bbox 1246 1670 1387 1734; x_wconf 84' lang='lat' dir='ltr'><strong>quarum</strong></span> 
     </span>
     <span class='ocr_line' id='line_1_12' title="bbox 226 1752 1388 1839; baseline 0.002 -20"><span class='ocrx_word' id='word_1_89' title='bbox 226 1753 434 1820; x_wconf 83' lang='lat' dir='ltr'><strong>similitudine</strong></span> <span class='ocrx_word' id='word_1_90' title='bbox 449 1752 628 1820; x_wconf 91' lang='lat' dir='ltr'><strong>ludibriosa</strong></span> <span class='ocrx_word' id='word_1_91' title='bbox 646 1752 703 1817; x_wconf 93' lang='lat' dir='ltr'><strong>illa</strong></span> <span class='ocrx_word' id='word_1_92' title='bbox 724 1771 838 1818; x_wconf 90' lang='lat' dir='ltr'><strong>senum</strong></span> <span class='ocrx_word' id='word_1_93' title='bbox 860 1772 932 1818; x_wconf 89' lang='lat' dir='ltr'><strong>cum</strong></span> <span class='ocrx_word' id='word_1_94' title='bbox 955 1753 1068 1820; x_wconf 88' lang='lat' dir='ltr'><strong>ouibus</strong></span> <span class='ocrx_word' id='word_1_95' title='bbox 1090 1753 1286 1839; x_wconf 84' lang='lat' dir='ltr'><strong>comparatio</strong></span> <span class='ocrx_word' id='word_1_96' title='bbox 1308 1773 1388 1838; x_wconf 91' lang='lat' dir='ltr'><strong>pro·</strong></span> 
     </span>
     <span class='ocr_line' id='line_1_13' title="bbox 226 1854 1388 1940; baseline 0.003 -20"><span class='ocrx_word' id='word_1_97' title='bbox 226 1856 330 1938; x_wconf 89' lang='lat' dir='ltr'><strong>batur,</strong></span> <span class='ocrx_word' id='word_1_98' title='bbox 354 1855 417 1922; x_wconf 90' lang='lat' dir='ltr'><strong>bis</strong></span> <span class='ocrx_word' id='word_1_99' title='bbox 439 1855 621 1938; x_wconf 86' lang='lat' dir='ltr'><strong>nonnullae,</strong></span> <span class='ocrx_word' id='word_1_100' title='bbox 643 1873 704 1919; x_wconf 90' lang='lat' dir='ltr'><strong>nec</strong></span> <span class='ocrx_word' id='word_1_101' title='bbox 718 1860 825 1919; x_wconf 88' lang='lat' dir='ltr'><strong>tamen</strong></span> <span class='ocrx_word' id='word_1_102' title='bbox 844 1854 938 1935; x_wconf 90' lang='lat' dir='ltr'><strong>quasi</strong></span> <span class='ocrx_word' id='word_1_103' title='bbox 958 1854 1093 1922; x_wconf 83' lang='lat' dir='ltr'><strong>iteratae</strong></span> <span class='ocrx_word' id='word_1_104' title='bbox 1113 1854 1289 1940; x_wconf 89' lang='lat' dir='ltr'><strong>posteriore</strong></span> <span class='ocrx_word' id='word_1_105' title='bbox 1311 1856 1388 1924; x_wconf 88' lang='lat' dir='ltr'><strong>loco</strong></span> 
     </span>
     <span class='ocr_line' id='line_1_14' title="bbox 226 1955 1389 2041; baseline 0 -19"><span class='ocrx_word' id='word_1_106' title='bbox 226 1956 420 2041; x_wconf 88' lang='lat' dir='ltr'><strong>adferuntur,</strong></span> <span class='ocrx_word' id='word_1_107' title='bbox 443 1956 502 2024; x_wconf 88' lang='lat' dir='ltr'><strong>sed</strong></span> <span class='ocrx_word' id='word_1_108' title='bbox 524 1962 565 2022; x_wconf 93' lang='lat' dir='ltr'><strong>ut</strong></span> <span class='ocrx_word' id='word_1_109' title='bbox 587 1975 725 2023; x_wconf 90' lang='lat' dir='ltr'><strong>nouae.</strong></span> <span class='ocrx_word' id='word_1_110' title='bbox 769 1955 867 2022; x_wconf 91' lang='lat' dir='ltr'><strong>Velut</strong></span> <span class='ocrx_word' id='word_1_111' title='bbox 887 1962 999 2038; x_wconf 88' lang='lat' dir='ltr'><strong>aperte</strong></span> <span class='ocrx_word' id='word_1_112' title='bbox 1021 1957 1084 2023; x_wconf 92' lang='lat' dir='ltr'><strong>hoc</strong></span> <span class='ocrx_word' id='word_1_113' title='bbox 1104 1956 1217 2023; x_wconf 89' lang='lat' dir='ltr'><strong>uitium</strong></span> <span class='ocrx_word' id='word_1_114' title='bbox 1235 1955 1389 2025; x_wconf 86' lang='lat' dir='ltr'><strong>inhaeret</strong></span> 
     </span>
     <span class='ocr_line' id='line_1_15' title="bbox 227 2055 1388 2142; baseline 0.002 -18"><span class='ocrx_word' id='word_1_115' title='bbox 227 2058 353 2125; x_wconf 81' lang='lat' dir='ltr'><strong>Soteris</strong></span> <span class='ocrx_word' id='word_1_116' title='bbox 381 2058 488 2126; x_wconf 90' lang='lat' dir='ltr'><strong>uerbis</strong></span> <span class='ocrx_word' id='word_1_117' title='bbox 516 2077 590 2120; x_wconf 81' lang='lat' dir='ltr'><strong>ooo</strong></span> <span class='ocrx_word' id='word_1_118' title='bbox 620 2055 749 2130; x_wconf 75' lang='lat' dir='ltr'><strong>uides,</strong></span> <span class='ocrx_word' id='word_1_119' title='bbox 780 2067 821 2119; x_wconf 83' lang='lat' dir='ltr'><strong>ct</strong></span> <span class='ocrx_word' id='word_1_120' title='bbox 845 2058 989 2141; x_wconf 78' lang='lat' dir='ltr'><strong>polentes</strong></span> <span class='ocrx_word' id='word_1_121' title='bbox 1015 2058 1222 2142; x_wconf 71' lang='lat' dir='ltr'><strong>prosecatur?</strong></span> <span class='ocrx_word' id='word_1_122' title='bbox 1249 2076 1277 2124; x_wconf 88' lang='lat' dir='ltr'><strong>e.</strong></span> <span class='ocrx_word' id='word_1_123' title='bbox 1301 2077 1336 2141; x_wconf 89' lang='lat' dir='ltr'><strong>q.</strong></span> <span class='ocrx_word' id='word_1_124' title='bbox 1361 2080 1388 2126; x_wconf 91' lang='lat' dir='ltr'><strong>s.</strong></span> 
     </span>
     <span class='ocr_line' id='line_1_16' title="bbox 224 2159 1389 2244; baseline -0.001 -19"><span class='ocrx_word' id='word_1_125' title='bbox 224 2159 269 2242; x_wconf 83' lang='lat' dir='ltr'><strong>(u.</strong></span> <span class='ocrx_word' id='word_1_126' title='bbox 295 2164 376 2225; x_wconf 83' lang='lat'>1136</span> <span class='ocrx_word' id='word_1_127' title='bbox 388 2159 473 2243; x_wconf 90' lang='lat' dir='ltr'><strong>sqq.)</strong></span> <span class='ocrx_word' id='word_1_128' title='bbox 496 2159 640 2243; x_wconf 88' lang='lat' dir='ltr'><strong>conlatis,</strong></span> <span class='ocrx_word' id='word_1_129' title='bbox 663 2178 747 2242; x_wconf 86' lang='lat' dir='ltr'><strong>quae</strong></span> <span class='ocrx_word' id='word_1_130' title='bbox 768 2179 799 2224; x_wconf 92' lang='grc' dir='ltr'><strong>ιι.</strong></span> <span class='ocrx_word' id='word_1_131' title='bbox 822 2162 901 2224; x_wconf 81' lang='grc'>1123</span> <span class='ocrx_word' id='word_1_132' title='bbox 924 2159 1064 2227; x_wconf 83' lang='lat' dir='ltr'><strong>dixerat:</strong></span> <span class='ocrx_word' id='word_1_133' title='bbox 1087 2180 1179 2244; x_wconf 83' lang='lat' dir='ltr'><strong>quom</strong></span> <span class='ocrx_word' id='word_1_134' title='bbox 1201 2169 1276 2223; x_wconf 77' lang='lat' dir='ltr'><strong>curu</strong></span> <span class='ocrx_word' id='word_1_135' title='bbox 1294 2162 1345 2223; x_wconf 79' lang='lat' dir='ltr'><strong>cic</strong></span> <span class='ocrx_word' id='word_1_136' title='bbox 1369 2183 1389 2224; x_wconf 89' lang='lat' dir='ltr'><strong>o</strong></span> 
     </span>
     <span class='ocr_line' id='line_1_17' title="bbox 220 2261 1389 2345; baseline 0.002 -22"><span class='ocrx_word' id='word_1_137' title='bbox 220 2282 303 2344; x_wconf 82' lang='lat' dir='ltr'><strong>pecu</strong></span> <span class='ocrx_word' id='word_1_138' title='bbox 325 2262 504 2345; x_wconf 69' lang='lat' dir='ltr'><strong>palliantes.</strong></span> <span class='ocrx_word' id='word_1_139' title='bbox 547 2262 650 2328; x_wconf 89' lang='lat' dir='ltr'><strong>Versu</strong></span> <span class='ocrx_word' id='word_1_140' title='bbox 672 2266 781 2329; x_wconf 82' lang='lat' dir='ltr'><strong>autem</strong></span> <span class='ocrx_word' id='word_1_141' title='bbox 801 2263 887 2324; x_wconf 79' lang='grc'>,1134</span> <span class='ocrx_word' id='word_1_142' title='bbox 918 2281 998 2345; x_wconf 83' lang='lat' dir='ltr'><strong>quoe</strong></span> <span class='ocrx_word' id='word_1_143' title='bbox 1018 2281 1074 2322; x_wconf 84' lang='lat' dir='ltr'><strong>occ</strong></span> <span class='ocrx_word' id='word_1_144' title='bbox 1096 2261 1177 2325; x_wconf 85' lang='lat' dir='ltr'><strong>lactc</strong></span> <span class='ocrx_word' id='word_1_145' title='bbox 1197 2281 1255 2323; x_wconf 82' lang='lat' dir='ltr'><strong>aec</strong></span> <span class='ocrx_word' id='word_1_146' title='bbox 1277 2261 1389 2325; x_wconf 78' lang='lat' dir='ltr'><strong>Ionam</strong></span> 
     </span>
     <span class='ocr_line' id='line_1_18' title="bbox 223 2360 1387 2446; baseline 0.006 -22"><span class='ocrx_word' id='word_1_147' title='bbox 223 2361 338 2425; x_wconf 79' lang='grc'>111111</span> <span class='ocrx_word' id='word_1_148' title='bbox 359 2369 391 2430; x_wconf 86' lang='grc'><strong>11</strong></span> <span class='ocrx_word' id='word_1_149' title='bbox 407 2381 491 2444; x_wconf 90' lang='lat' dir='ltr'><strong>quac</strong></span> <span class='ocrx_word' id='word_1_150' title='bbox 506 2369 680 2444; x_wconf 89' lang='lat' dir='ltr'><strong>sequuntur</strong></span> <span class='ocrx_word' id='word_1_151' title='bbox 701 2383 779 2428; x_wconf 91' lang='lat' dir='ltr'><strong>num</strong></span> <span class='ocrx_word' id='word_1_152' title='bbox 798 2360 888 2428; x_wconf 91' lang='lat' dir='ltr'><strong>aliud</strong></span> <span class='ocrx_word' id='word_1_153' title='bbox 908 2366 982 2428; x_wconf 89' lang='lat' dir='ltr'><strong>sunt</strong></span> <span class='ocrx_word' id='word_1_154' title='bbox 1004 2382 1100 2445; x_wconf 91' lang='lat' dir='ltr'><strong>quam</strong></span> <span class='ocrx_word' id='word_1_155' title='bbox 1123 2361 1261 2446; x_wconf 90' lang='lat' dir='ltr'><strong>amplior</strong></span> <span class='ocrx_word' id='word_1_156' title='bbox 1283 2381 1387 2444; x_wconf 90' lang='lat' dir='ltr'><strong>quae-</strong></span> 
     </span>
     <span class='ocr_line' id='line_1_19' title="bbox 226 2461 1388 2548; baseline 0.002 -20"><span class='ocrx_word' id='word_1_157' title='bbox 226 2461 302 2530; x_wconf 88' lang='lat' dir='ltr'><strong>dam</strong></span> <span class='ocrx_word' id='word_1_158' title='bbox 324 2464 572 2548; x_wconf 84' lang='lat' dir='ltr'><strong>circumscriptio</strong></span> <span class='ocrx_word' id='word_1_159' title='bbox 596 2470 628 2529; x_wconf 86' lang='grc'><strong>11</strong></span> <span class='ocrx_word' id='word_1_160' title='bbox 649 2463 739 2529; x_wconf 90' lang='lat' dir='ltr'><strong>uelut</strong></span> <span class='ocrx_word' id='word_1_161' title='bbox 759 2463 979 2548; x_wconf 87' lang='lat' dir='ltr'><strong>interpretatio</strong></span> <span class='ocrx_word' id='word_1_162' title='bbox 1007 2461 1137 2530; x_wconf 88' lang='lat' dir='ltr'><strong>rarioris</strong></span> <span class='ocrx_word' id='word_1_163' title='bbox 1164 2461 1252 2529; x_wconf 90' lang='lat' dir='ltr'><strong>illius</strong></span> <span class='ocrx_word' id='word_1_164' title='bbox 1282 2463 1388 2548; x_wconf 85' lang='lat' dir='ltr'><strong>uocis,</strong></span> 
     </span>
     <span class='ocr_line' id='line_1_20' title="bbox 226 2563 1387 2646; baseline 0.003 -17"><span class='ocrx_word' id='word_1_165' title='bbox 226 2583 322 2645; x_wconf 90' lang='lat' dir='ltr'><strong>quam</strong></span> <span class='ocrx_word' id='word_1_166' title='bbox 343 2565 553 2645; x_wconf 85' lang='lat' dir='ltr'><strong>sagacissima</strong></span> <span class='ocrx_word' id='word_1_167' title='bbox 574 2563 753 2646; x_wconf 89' lang='lat' dir='ltr'><strong>eademque</strong></span> <span class='ocrx_word' id='word_1_168' title='bbox 775 2564 952 2632; x_wconf 90' lang='lat' dir='ltr'><strong>certissima</strong></span> <span class='ocrx_word' id='word_1_169' title='bbox 974 2564 1156 2632; x_wconf 89' lang='lat' dir='ltr'><strong>coniectura</strong></span> <span class='ocrx_word' id='word_1_170' title='bbox 1177 2585 1217 2631; x_wconf 87' lang='lat' dir='ltr'><strong>ex</strong></span> <span class='ocrx_word' id='word_1_171' title='bbox 1239 2564 1387 2632; x_wconf 88' lang='lat' dir='ltr'><strong>absurdo</strong></span> 
     </span>
     <span class='ocr_line' id='line_1_21' title="bbox 226 2663 1389 2746; baseline -0.001 -15"><span class='ocrx_word' id='word_1_172' title='bbox 226 2665 312 2746; x_wconf 92' lang='lat' dir='ltr'><strong>quod</strong></span> <span class='ocrx_word' id='word_1_173' title='bbox 342 2665 376 2732; x_wconf 96' lang='lat' dir='ltr'><strong>in</strong></span> <span class='ocrx_word' id='word_1_174' title='bbox 403 2665 495 2732; x_wconf 92' lang='lat' dir='ltr'><strong>libris</strong></span> <span class='ocrx_word' id='word_1_175' title='bbox 523 2670 629 2731; x_wconf 86' lang='lat' dir='ltr'><strong>exstat</strong></span> <span class='ocrx_word' id='word_1_176' title='bbox 655 2666 814 2727; x_wconf 77' lang='lat' dir='ltr'><strong>thimiama</strong></span> <span class='ocrx_word' id='word_1_177' title='bbox 841 2667 972 2733; x_wconf 83' lang='lat' dir='ltr'><strong>(iolerus</strong></span> <span class='ocrx_word' id='word_1_178' title='bbox 1001 2665 1125 2732; x_wconf 85' lang='lat' dir='ltr'><strong>elicuit:</strong></span> <span class='ocrx_word' id='word_1_179' title='bbox 1155 2663 1283 2729; x_wconf 71' lang='lat' dir='ltr'><strong>Verulae</strong></span> <span class='ocrx_word' id='word_1_180' title='bbox 1310 2676 1389 2730; x_wconf 79' lang='lat' dir='ltr'><strong>aaut</strong></span> 
     </span>
     <span class='ocr_line' id='line_1_22' title="bbox 224 2762 1389 2852; baseline 0.002 -25"><span class='ocrx_word' id='word_1_181' title='bbox 224 2768 355 2828; x_wconf 80' lang='lat' dir='ltr'><strong>minoe</strong></span> <span class='ocrx_word' id='word_1_182' title='bbox 378 2766 508 2831; x_wconf 78' lang='lat' dir='ltr'><strong>ambae?</strong></span> <span class='ocrx_word' id='word_1_183' title='bbox 552 2765 646 2833; x_wconf 91' lang='lat' dir='ltr'><strong>Unde</strong></span> <span class='ocrx_word' id='word_1_184' title='bbox 669 2766 733 2831; x_wconf 90' lang='lat' dir='ltr'><strong>iam</strong></span> <span class='ocrx_word' id='word_1_185' title='bbox 756 2767 873 2852; x_wconf 84' lang='lat' dir='ltr'><strong>conligi</strong></span> <span class='ocrx_word' id='word_1_186' title='bbox 894 2773 1014 2851; x_wconf 90' lang='lat' dir='ltr'><strong>potest,</strong></span> <span class='ocrx_word' id='word_1_187' title='bbox 1037 2774 1140 2833; x_wconf 90' lang='lat' dir='ltr'><strong>utram</strong></span> <span class='ocrx_word' id='word_1_188' title='bbox 1162 2762 1320 2832; x_wconf 91' lang='lat' dir='ltr'><strong>credibile</strong></span> <span class='ocrx_word' id='word_1_189' title='bbox 1344 2763 1389 2830; x_wconf 90' lang='lat' dir='ltr'><strong>sit</strong></span> 
     </span>
     <span class='ocr_line' id='line_1_23' title="bbox 225 2865 787 2951; baseline -0.011 -19"><span class='ocrx_word' id='word_1_190' title='bbox 225 2868 443 2934; x_wconf 89' lang='lat' dir='ltr'><strong>recensionem</strong></span> <span class='ocrx_word' id='word_1_191' title='bbox 464 2865 603 2951; x_wconf 92' lang='lat' dir='ltr'><strong>priorem</strong></span> <span class='ocrx_word' id='word_1_192' title='bbox 625 2867 734 2933; x_wconf 87' lang='lat' dir='ltr'><strong>fuisse.</strong></span> <span class='ocrx_word' id='word_1_193' title='bbox 785 2922 787 2926; x_wconf 13' lang='lat' dir='ltr'><strong>a</strong></span> 
     </span>
     <span class='ocr_line' id='line_1_24' title="bbox 310 2968 1386 3053; baseline -0.001 -18"><span class='ocrx_word' id='word_1_194' title='bbox 310 2970 417 3050; x_wconf 88' lang='lat' dir='ltr'><strong>Atque</strong></span> <span class='ocrx_word' id='word_1_195' title='bbox 439 2968 519 3035; x_wconf 92' lang='lat' dir='ltr'><strong>haec</strong></span> <span class='ocrx_word' id='word_1_196' title='bbox 540 2968 724 3053; x_wconf 89' lang='lat' dir='ltr'><strong>similiaque</strong></span> <span class='ocrx_word' id='word_1_197' title='bbox 745 2968 825 3052; x_wconf 86' lang='lat' dir='ltr'><strong>alia,</strong></span> <span class='ocrx_word' id='word_1_198' title='bbox 856 2988 938 3051; x_wconf 92' lang='lat' dir='ltr'><strong>quae</strong></span> <span class='ocrx_word' id='word_1_199' title='bbox 961 2989 1147 3038; x_wconf 89' lang='lat' dir='ltr'><strong>enumerare</strong></span> <span class='ocrx_word' id='word_1_200' title='bbox 1168 2969 1317 3052; x_wconf 84' lang='lat' dir='ltr'><strong>longum,</strong></span> <span class='ocrx_word' id='word_1_201' title='bbox 1344 2988 1386 3034; x_wconf 91' lang='lat' dir='ltr'><strong>ne</strong></span> 
     </span>
     <span class='ocr_line' id='line_1_25' title="bbox 225 3068 1386 3156; baseline -0.002 -19"><span class='ocrx_word' id='word_1_202' title='bbox 225 3071 295 3152; x_wconf 89' lang='lat' dir='ltr'><strong>quis</strong></span> <span class='ocrx_word' id='word_1_203' title='bbox 310 3075 367 3137; x_wconf 88' lang='lat' dir='ltr'><strong>aut</strong></span> <span class='ocrx_word' id='word_1_204' title='bbox 380 3070 469 3137; x_wconf 90' lang='lat' dir='ltr'><strong>casui</strong></span> <span class='ocrx_word' id='word_1_205' title='bbox 488 3076 543 3136; x_wconf 91' lang='lat' dir='ltr'><strong>aut</strong></span> <span class='ocrx_word' id='word_1_206' title='bbox 565 3070 790 3156; x_wconf 81' lang='lat' dir='ltr'><strong>neglegentiae</strong></span> <span class='ocrx_word' id='word_1_207' title='bbox 813 3070 938 3137; x_wconf 88' lang='lat' dir='ltr'><strong>cuidam</strong></span> <span class='ocrx_word' id='word_1_208' title='bbox 962 3072 1102 3139; x_wconf 88' lang='lat' dir='ltr'><strong>tribuere</strong></span> <span class='ocrx_word' id='word_1_209' title='bbox 1124 3070 1265 3137; x_wconf 90' lang='lat' dir='ltr'><strong>animum</strong></span> <span class='ocrx_word' id='word_1_210' title='bbox 1287 3068 1386 3135; x_wconf 89' lang='lat' dir='ltr'><strong>indu·</strong></span> 
     </span>
     <span class='ocr_line' id='line_1_26' title="bbox 199 3168 1386 3256; baseline -0.001 -18"><span class='ocrx_word' id='word_1_211' title='bbox 199 3181 203 3188; x_wconf 87' lang='grc'><em>“</em></span> <span class='ocrx_word' id='word_1_212' title='bbox 224 3178 276 3239; x_wconf 90' lang='lat' dir='ltr'><strong>cat</strong></span> <span class='ocrx_word' id='word_1_213' title='bbox 297 3173 375 3239; x_wconf 90' lang='lat' dir='ltr'><strong>satis</strong></span> <span class='ocrx_word' id='word_1_214' title='bbox 398 3179 525 3238; x_wconf 88' lang='lat' dir='ltr'><strong>cautum</strong></span> <span class='ocrx_word' id='word_1_215' title='bbox 549 3179 599 3240; x_wconf 91' lang='lat' dir='ltr'><strong>est</strong></span> <span class='ocrx_word' id='word_1_216' title='bbox 621 3173 744 3239; x_wconf 89' lang='lat' dir='ltr'><strong>duabus</strong></span> <span class='ocrx_word' id='word_1_217' title='bbox 766 3173 872 3238; x_wconf 88' lang='lat' dir='ltr'><strong>rebus.</strong></span> <span class='ocrx_word' id='word_1_218' title='bbox 917 3173 1075 3256; x_wconf 89' lang='lat' dir='ltr'><strong>Primum,</strong></span> <span class='ocrx_word' id='word_1_219' title='bbox 1103 3172 1190 3255; x_wconf 91' lang='lat' dir='ltr'><strong>quod</strong></span> <span class='ocrx_word' id='word_1_220' title='bbox 1211 3168 1386 3254; x_wconf 81' lang='lat' dir='ltr'><strong>omnia1)</strong></span> 
     </span>
    </p>
   </div>
   <div class='ocr_carea' id='block_1_3' title="bbox 223 3369 1386 4358">
    <p class='ocr_par' dir='ltr' id='par_1_3' title="bbox 223 3369 1386 4358">
     <span class='ocr_line' id='line_1_27' title="bbox 311 3369 1384 3442; baseline 0.001 -16"><span class='ocrx_word' id='word_1_221' title='bbox 311 3374 336 3437; x_wconf 89' lang='grc'><strong>1)</strong></span> <span class='ocrx_word' id='word_1_222' title='bbox 355 3371 473 3428; x_wconf 83' lang='lat' dir='ltr'><strong>Calidius</strong></span> <span class='ocrx_word' id='word_1_223' title='bbox 491 3374 562 3429; x_wconf 91' lang='lat' dir='ltr'><strong>enim</strong></span> <span class='ocrx_word' id='word_1_224' title='bbox 580 3388 661 3442; x_wconf 91' lang='lat' dir='ltr'><strong>quam</strong></span> <span class='ocrx_word' id='word_1_225' title='bbox 683 3371 774 3427; x_wconf 90' lang='lat' dir='ltr'><strong>uerius</strong></span> <span class='ocrx_word' id='word_1_226' title='bbox 796 3372 971 3438; x_wconf 87' lang='lat' dir='ltr'><strong>indicauerit,</strong></span> <span class='ocrx_word' id='word_1_227' title='bbox 995 3372 1042 3441; x_wconf 91' lang='lat' dir='ltr'><strong>qui</strong></span> <span class='ocrx_word' id='word_1_228' title='bbox 1060 3371 1180 3428; x_wconf 84' lang='lat' dir='ltr'><strong>offendat</strong></span> <span class='ocrx_word' id='word_1_229' title='bbox 1200 3371 1230 3426; x_wconf 93' lang='lat' dir='ltr'><strong>in</strong></span> <span class='ocrx_word' id='word_1_230' title='bbox 1251 3369 1384 3439; x_wconf 88' lang='lat' dir='ltr'><strong>frequen·</strong></span> 
     </span>
     <span class='ocr_line' id='line_1_28' title="bbox 223 3455 1385 3526; baseline -0.002 -14"><span class='ocrx_word' id='word_1_231' title='bbox 223 3460 283 3513; x_wconf 89' lang='lat' dir='ltr'><strong>tata</strong></span> <span class='ocrx_word' id='word_1_232' title='bbox 300 3473 347 3512; x_wconf 90' lang='lat' dir='ltr'><strong>uu.</strong></span> <span class='ocrx_word' id='word_1_233' title='bbox 364 3462 530 3513; x_wconf 76' lang='lat' dir='ltr'><strong>ilis-1128</strong></span> <span class='ocrx_word' id='word_1_234' title='bbox 548 3460 626 3514; x_wconf 89' lang='lat' dir='ltr'><strong>uerbi</strong></span> <span class='ocrx_word' id='word_1_235' title='bbox 650 3456 783 3513; x_wconf 78' lang='lat' dir='ltr'><strong>tondendi</strong></span> <span class='ocrx_word' id='word_1_236' title='bbox 804 3457 977 3526; x_wconf 85' lang='lat' dir='ltr'><strong>repetitione:</strong></span> <span class='ocrx_word' id='word_1_237' title='bbox 1003 3472 1058 3526; x_wconf 90' lang='lat' dir='ltr'><strong>qua</strong></span> <span class='ocrx_word' id='word_1_238' title='bbox 1080 3458 1109 3512; x_wconf 91' lang='lat' dir='ltr'><strong>in</strong></span> <span class='ocrx_word' id='word_1_239' title='bbox 1132 3471 1163 3512; x_wconf 91' lang='lat' dir='ltr'><strong>re</strong></span> <span class='ocrx_word' id='word_1_240' title='bbox 1185 3455 1288 3525; x_wconf 82' lang='lat' dir='ltr'><strong>aliquid</strong></span> <span class='ocrx_word' id='word_1_241' title='bbox 1309 3455 1385 3513; x_wconf 89' lang='lat' dir='ltr'><strong>inest</strong></span> 
     </span>
     <span class='ocr_line' id='line_1_29' title="bbox 225 3541 1382 3611; baseline 0.001 -14"><span class='ocrx_word' id='word_1_242' title='bbox 225 3543 269 3597; x_wconf 92' lang='lat' dir='ltr'><strong>uel</strong></span> <span class='ocrx_word' id='word_1_243' title='bbox 287 3543 472 3601; x_wconf 88' lang='lat' dir='ltr'><strong>delicatissimi</strong></span> <span class='ocrx_word' id='word_1_244' title='bbox 489 3543 597 3611; x_wconf 86' lang='lat' dir='ltr'><strong>leporis.</strong></span> <span class='ocrx_word' id='word_1_245' title='bbox 632 3543 728 3596; x_wconf 85' lang='lat' dir='ltr'><strong>Altera</strong></span> <span class='ocrx_word' id='word_1_246' title='bbox 745 3543 816 3597; x_wconf 89' lang='lat' dir='ltr'><strong>enim</strong></span> <span class='ocrx_word' id='word_1_247' title='bbox 834 3542 949 3598; x_wconf 87' lang='lat' dir='ltr'><strong>Bacchis</strong></span> <span class='ocrx_word' id='word_1_248' title='bbox 968 3542 1074 3597; x_wconf 84' lang='lat' dir='ltr'><strong>dixerat</strong></span> <span class='ocrx_word' id='word_1_249' title='bbox 1090 3541 1151 3597; x_wconf 90' lang='lat' dir='ltr'><strong>ideo</strong></span> <span class='ocrx_word' id='word_1_250' title='bbox 1169 3541 1293 3597; x_wconf 81' lang='lat' dir='ltr'><strong>sordidas</strong></span> <span class='ocrx_word' id='word_1_251' title='bbox 1316 3541 1382 3598; x_wconf 89' lang='lat' dir='ltr'><strong>illas</strong></span> 
     </span>
     <span class='ocr_line' id='line_1_30' title="bbox 225 3625 1382 3697; baseline -0.002 -15"><span class='ocrx_word' id='word_1_252' title='bbox 225 3643 290 3682; x_wconf 88' lang='lat' dir='ltr'><strong>oues</strong></span> <span class='ocrx_word' id='word_1_253' title='bbox 303 3628 398 3695; x_wconf 87' lang='lat' dir='ltr'><strong>uideri,</strong></span> <span class='ocrx_word' id='word_1_254' title='bbox 417 3627 489 3697; x_wconf 94' lang='lat' dir='ltr'><strong>quod</strong></span> <span class='ocrx_word' id='word_1_255' title='bbox 501 3629 625 3681; x_wconf 86' lang='lat' dir='ltr'><strong>attonsae</strong></span> <span class='ocrx_word' id='word_1_256' title='bbox 637 3631 735 3685; x_wconf 87' lang='lat' dir='ltr'><strong>essent.</strong></span> <span class='ocrx_word' id='word_1_257' title='bbox 762 3627 819 3680; x_wconf 90' lang='lat' dir='ltr'><strong>Iam</strong></span> <span class='ocrx_word' id='word_1_258' title='bbox 836 3626 984 3695; x_wconf 89' lang='lat' dir='ltr'><strong>respondet</strong></span> <span class='ocrx_word' id='word_1_259' title='bbox 1001 3627 1088 3681; x_wconf 85' lang='lat' dir='ltr'><strong>altera</strong></span> <span class='ocrx_word' id='word_1_260' title='bbox 1105 3626 1135 3680; x_wconf 91' lang='lat' dir='ltr'><strong>in</strong></span> <span class='ocrx_word' id='word_1_261' title='bbox 1151 3626 1224 3681; x_wconf 91' lang='lat' dir='ltr'><strong>hanc</strong></span> <span class='ocrx_word' id='word_1_262' title='bbox 1241 3625 1299 3680; x_wconf 86' lang='lat' dir='ltr'><strong>iere</strong></span> <span class='ocrx_word' id='word_1_263' title='bbox 1318 3641 1382 3681; x_wconf 90' lang='lat' dir='ltr'><strong>sen·</strong></span> 
     </span>
     <span class='ocr_line' id='line_1_31' title="bbox 223 3710 1382 3783; baseline -0.002 -17"><span class='ocrx_word' id='word_1_264' title='bbox 223 3712 351 3781; x_wconf 82' lang='lat' dir='ltr'><strong>tentiam:</strong></span> <span class='ocrx_word' id='word_1_265' title='bbox 372 3711 438 3766; x_wconf 81' lang='lat' dir='ltr'><strong>Tum</strong></span> <span class='ocrx_word' id='word_1_266' title='bbox 450 3728 517 3766; x_wconf 80' lang='lat' dir='ltr'><strong>sone</strong></span> <span class='ocrx_word' id='word_1_267' title='bbox 528 3712 677 3765; x_wconf 81' lang='lat' dir='ltr'><strong>miserrime</strong></span> <span class='ocrx_word' id='word_1_268' title='bbox 689 3715 808 3783; x_wconf 82' lang='lat' dir='ltr'><strong>apparet</strong></span> <span class='ocrx_word' id='word_1_269' title='bbox 819 3711 882 3766; x_wconf 77' lang='lat' dir='ltr'><strong>illus</strong></span> <span class='ocrx_word' id='word_1_270' title='bbox 897 3711 1038 3766; x_wconf 74' lang='lat' dir='ltr'><strong>detonderi</strong></span> <span class='ocrx_word' id='word_1_271' title='bbox 1055 3710 1152 3765; x_wconf 78' lang='lat' dir='ltr'><strong>solitas</strong></span> <span class='ocrx_word' id='word_1_272' title='bbox 1168 3725 1235 3775; x_wconf 78' lang='lat' dir='ltr'><strong>esse,</strong></span> <span class='ocrx_word' id='word_1_273' title='bbox 1253 3725 1303 3764; x_wconf 78' lang='lat' dir='ltr'><strong>nec</strong></span> <span class='ocrx_word' id='word_1_274' title='bbox 1321 3725 1382 3764; x_wconf 79' lang='lat' dir='ltr'><strong>cre·</strong></span> 
     </span>
     <span class='ocr_line' id='line_1_32' title="bbox 223 3794 1383 3865; baseline 0 -16"><span class='ocrx_word' id='word_1_275' title='bbox 223 3795 342 3849; x_wconf 76' lang='lat' dir='ltr'><strong>dandum</strong></span> <span class='ocrx_word' id='word_1_276' title='bbox 360 3801 401 3849; x_wconf 83' lang='lat' dir='ltr'><strong>est</strong></span> <span class='ocrx_word' id='word_1_277' title='bbox 416 3795 500 3849; x_wconf 81' lang='lat' dir='ltr'><strong>semel</strong></span> <span class='ocrx_word' id='word_1_278' title='bbox 515 3794 561 3848; x_wconf 81' lang='lat' dir='ltr'><strong>uel</strong></span> <span class='ocrx_word' id='word_1_279' title='bbox 577 3795 618 3849; x_wconf 78' lang='lat' dir='ltr'><strong>his</strong></span> <span class='ocrx_word' id='word_1_280' title='bbox 635 3797 663 3849; x_wconf 83' lang='lat' dir='ltr'><strong>in</strong></span> <span class='ocrx_word' id='word_1_281' title='bbox 682 3813 754 3850; x_wconf 76' lang='lat' dir='ltr'><strong>corto</strong></span> <span class='ocrx_word' id='word_1_282' title='bbox 776 3795 828 3851; x_wconf 80' lang='lat' dir='ltr'><strong>doc</strong></span> <span class='ocrx_word' id='word_1_283' title='bbox 849 3796 956 3865; x_wconf 79' lang='lat' dir='ltr'><strong>facicm</strong></span> <span class='ocrx_word' id='word_1_284' title='bbox 980 3811 1051 3860; x_wconf 82' lang='lat' dir='ltr'><strong>esse,</strong></span> <span class='ocrx_word' id='word_1_285' title='bbox 1075 3795 1124 3849; x_wconf 82' lang='lat' dir='ltr'><strong>scd</strong></span> <span class='ocrx_word' id='word_1_286' title='bbox 1141 3800 1196 3849; x_wconf 83' lang='lat' dir='ltr'><strong>ter:</strong></span> <span class='ocrx_word' id='word_1_287' title='bbox 1218 3795 1258 3850; x_wconf 80' lang='lat' dir='ltr'><strong>ita</strong></span> <span class='ocrx_word' id='word_1_288' title='bbox 1277 3794 1383 3865; x_wconf 77' lang='lat' dir='ltr'><strong>foedus</strong></span> 
     </span>
     <span class='ocr_line' id='line_1_33' title="bbox 223 3878 1383 3949; baseline 0 -16"><span class='ocrx_word' id='word_1_289' title='bbox 223 3879 335 3934; x_wconf 80' lang='lat' dir='ltr'><strong>illarum</strong></span> <span class='ocrx_word' id='word_1_290' title='bbox 353 3883 394 3933; x_wconf 84' lang='lat' dir='ltr'><strong>cst</strong></span> <span class='ocrx_word' id='word_1_291' title='bbox 410 3879 562 3949; x_wconf 79' lang='lat' dir='ltr'><strong>adspectus,</strong></span> <span class='ocrx_word' id='word_1_292' title='bbox 598 3878 675 3946; x_wconf 78' lang='lat' dir='ltr'><strong>Quod</strong></span> <span class='ocrx_word' id='word_1_293' title='bbox 694 3881 784 3935; x_wconf 87' lang='lat' dir='ltr'><strong>statim</strong></span> <span class='ocrx_word' id='word_1_294' title='bbox 802 3881 940 3949; x_wconf 85' lang='lat' dir='ltr'><strong>excipiens</strong></span> <span class='ocrx_word' id='word_1_295' title='bbox 957 3881 1017 3935; x_wconf 84' lang='lat' dir='ltr'><strong>illa:</strong></span> <span class='ocrx_word' id='word_1_296' title='bbox 1041 3879 1094 3935; x_wconf 80' lang='lat' dir='ltr'><strong>Ter</strong></span> <span class='ocrx_word' id='word_1_297' title='bbox 1111 3881 1140 3936; x_wconf 84' lang='lat' dir='ltr'><strong>io</strong></span> <span class='ocrx_word' id='word_1_298' title='bbox 1158 3895 1264 3945; x_wconf 80' lang='lat' dir='ltr'><strong>anco,</strong></span> <span class='ocrx_word' id='word_1_299' title='bbox 1281 3879 1383 3949; x_wconf 80' lang='lat' dir='ltr'><strong>inquit,</strong></span> 
     </span>
     <span class='ocr_line' id='line_1_34' title="bbox 223 3962 1381 4032; baseline 0.003 -16"><span class='ocrx_word' id='word_1_300' title='bbox 223 3970 288 4018; x_wconf 79' lang='lat' dir='ltr'><strong>tune</strong></span> <span class='ocrx_word' id='word_1_301' title='bbox 306 3963 393 4019; x_wconf 82' lang='lat' dir='ltr'><strong>dr&#39;cis?</strong></span> <span class='ocrx_word' id='word_1_302' title='bbox 425 3962 480 4016; x_wconf 82' lang='lat' dir='ltr'><strong>Pol</strong></span> <span class='ocrx_word' id='word_1_303' title='bbox 496 3963 525 4016; x_wconf 83' lang='lat' dir='ltr'><strong>io</strong></span> <span class='ocrx_word' id='word_1_304' title='bbox 542 3963 593 4018; x_wconf 82' lang='lat' dir='ltr'><strong>hoo</strong></span> <span class='ocrx_word' id='word_1_305' title='bbox 610 3981 665 4018; x_wconf 77' lang='lat' dir='ltr'><strong>arco</strong></span> <span class='ocrx_word' id='word_1_306' title='bbox 683 3963 738 4019; x_wconf 80' lang='lat' dir='ltr'><strong>die</strong></span> <span class='ocrx_word' id='word_1_307' title='bbox 756 3965 844 4020; x_wconf 82' lang='lat' dir='ltr'><strong>altera</strong></span> <span class='ocrx_word' id='word_1_308' title='bbox 862 3968 917 4021; x_wconf 80' lang='lat' dir='ltr'><strong>iam</strong></span> <span class='ocrx_word' id='word_1_309' title='bbox 935 3966 988 4021; x_wconf 80' lang='lat' dir='ltr'><strong>bis</strong></span> <span class='ocrx_word' id='word_1_310' title='bbox 1005 3966 1119 4020; x_wconf 78' lang='lat' dir='ltr'><strong>detonsa</strong></span> <span class='ocrx_word' id='word_1_311' title='bbox 1136 3971 1190 4032; x_wconf 78' lang='lat' dir='ltr'><strong>cst,</strong></span> <span class='ocrx_word' id='word_1_312' title='bbox 1216 3963 1381 4020; x_wconf 75' lang='lat' dir='ltr'><strong>saeuissime</strong></span> 
     </span>
     <span class='ocr_line' id='line_1_35' title="bbox 223 4046 1383 4120; baseline 0.003 -20"><span class='ocrx_word' id='word_1_313' title='bbox 223 4048 332 4102; x_wconf 89' lang='lat' dir='ltr'><strong>iocandi</strong></span> <span class='ocrx_word' id='word_1_314' title='bbox 349 4061 447 4116; x_wconf 84' lang='lat' dir='ltr'><strong>genere</strong></span> <span class='ocrx_word' id='word_1_315' title='bbox 465 4046 543 4103; x_wconf 89' lang='lat' dir='ltr'><strong>binos</strong></span> <span class='ocrx_word' id='word_1_316' title='bbox 560 4048 621 4104; x_wconf 89' lang='lat' dir='ltr'><strong>illos</strong></span> <span class='ocrx_word' id='word_1_317' title='bbox 638 4050 792 4118; x_wconf 86' lang='lat' dir='ltr'><strong>significans</strong></span> <span class='ocrx_word' id='word_1_318' title='bbox 805 4051 935 4106; x_wconf 82' lang='lat' dir='ltr'><strong>ducentos</strong></span> <span class='ocrx_word' id='word_1_319' title='bbox 949 4051 1098 4120; x_wconf 87' lang='lat' dir='ltr'><strong>Philippos,</strong></span> <span class='ocrx_word' id='word_1_320' title='bbox 1117 4049 1215 4119; x_wconf 89' lang='lat' dir='ltr'><strong>quihus</strong></span> <span class='ocrx_word' id='word_1_321' title='bbox 1227 4047 1383 4104; x_wconf 83' lang='lat' dir='ltr'><strong>Nicobulus</strong></span> 
     </span>
     <span class='ocr_line' id='line_1_36' title="bbox 225 4131 1385 4204; baseline 0.003 -20"><span class='ocrx_word' id='word_1_322' title='bbox 225 4138 366 4190; x_wconf 89' lang='lat' dir='ltr'><strong>emunctus</strong></span> <span class='ocrx_word' id='word_1_323' title='bbox 385 4133 456 4199; x_wconf 77' lang='lat' dir='ltr'><strong>erat3</strong></span> <span class='ocrx_word' id='word_1_324' title='bbox 480 4147 549 4202; x_wconf 90' lang='lat' dir='ltr'><strong>quae</strong></span> <span class='ocrx_word' id='word_1_325' title='bbox 567 4134 674 4204; x_wconf 87' lang='lat' dir='ltr'><strong>quidem</strong></span> <span class='ocrx_word' id='word_1_326' title='bbox 692 4151 735 4190; x_wconf 90' lang='lat' dir='ltr'><strong>res</strong></span> <span class='ocrx_word' id='word_1_327' title='bbox 753 4137 833 4190; x_wconf 90' lang='lat' dir='ltr'><strong>etiam</strong></span> <span class='ocrx_word' id='word_1_328' title='bbox 855 4140 1016 4191; x_wconf 69' lang='grc'>1124111</span> <span class='ocrx_word' id='word_1_329' title='bbox 1037 4139 1100 4189; x_wconf 84' lang='lat'>1095</span> <span class='ocrx_word' id='word_1_330' title='bbox 1125 4149 1180 4188; x_wconf 90' lang='lat' dir='ltr'><strong>non</strong></span> <span class='ocrx_word' id='word_1_331' title='bbox 1203 4131 1323 4203; x_wconf 88' lang='lat' dir='ltr'><strong>inlepide</strong></span> <span class='ocrx_word' id='word_1_332' title='bbox 1347 4149 1385 4188; x_wconf 88' lang='lat' dir='ltr'><strong>ex</strong></span> 
     </span>
     <span class='ocr_line' id='line_1_37' title="bbox 224 4215 1386 4289; baseline 0.005 -21"><span class='ocrx_word' id='word_1_333' title='bbox 224 4215 360 4271; x_wconf 90' lang='lat' dir='ltr'><strong>tondendo</strong></span> <span class='ocrx_word' id='word_1_334' title='bbox 383 4232 478 4271; x_wconf 92' lang='lat' dir='ltr'><strong>nomen</strong></span> <span class='ocrx_word' id='word_1_335' title='bbox 502 4218 614 4275; x_wconf 90' lang='lat' dir='ltr'><strong>inuenit.</strong></span> <span class='ocrx_word' id='word_1_336' title='bbox 649 4220 860 4275; x_wconf 85' lang='lat' dir='ltr'><strong>Absolutissima</strong></span> <span class='ocrx_word' id='word_1_337' title='bbox 883 4220 966 4289; x_wconf 87' lang='lat' dir='ltr'><strong>igitur</strong></span> <span class='ocrx_word' id='word_1_338' title='bbox 989 4223 1031 4275; x_wconf 88' lang='lat' dir='ltr'><strong>est</strong></span> <span class='ocrx_word' id='word_1_339' title='bbox 1054 4218 1223 4287; x_wconf 89' lang='lat' dir='ltr'><strong>maximeque</strong></span> <span class='ocrx_word' id='word_1_340' title='bbox 1244 4217 1386 4274; x_wconf 83' lang='lat' dir='ltr'><strong>concinna</strong></span> 
     </span>
     <span class='ocr_line' id='line_1_38' title="bbox 224 4300 517 4358; baseline 0.014 -4"><span class='ocrx_word' id='word_1_341' title='bbox 224 4300 422 4356; x_wconf 89' lang='lat' dir='ltr'><strong>sententiarum</strong></span> <span class='ocrx_word' id='word_1_342' title='bbox 439 4305 517 4358; x_wconf 88' lang='lat' dir='ltr'><strong>ratio.</strong></span> 
     </span>
    </p>
   </div>
   <div class='ocr_carea' id='block_1_4' title="bbox 0 0 1474 5144">
    <p class='ocr_par' dir='ltr' id='par_1_4' title="bbox 0 0 1474 5144">
     <span class='ocr_line' id='line_1_39' title="bbox 0 0 1474 5144; baseline 0 0"><span class='ocrx_word' id='word_1_343' title='bbox 0 0 1474 5144; x_wconf 95' lang='lat' dir='ltr'><strong> </strong></span> 
     </span>
    </p>
   </div>
  </div>
 </body>
</html>
