2940 5144
395 833 437 886 De
455 831 622 887 Bacchidum
640 830 785 886 Plautinae
801 828 996 889 retractatione
1013 836 1145 890 scaenica.
1282 833 1341 894 135

276 1008 476 1071 Documento
492 1008 540 1069 est
554 1001 608 1066 bic
622 1000 693 1084 ipse
708 1020 803 1082 quem
821 1001 916 1067 modo
932 1004 1147 1071 tractabamus
1168 1024 1341 1074 scaenae

189 1109 337 1174 exitus.
376 1103 441 1169 Ubi
466 1101 591 1170 etiamsi
613 1100 748 1186 duplicis
771 1101 968 1182 quaestionis
990 1123 1072 1187 quae
1093 1105 1196 1172 inerat
1216 1107 1249 1172 in
1271 1126 1341 1173 uer·

189 1209 280 1274 sibus
303 1207 471 1270 358—360
499 1200 732 1270 incommedum
754 1202 963 1287 remouimus‚
991 1210 1089 1270 restat
1111 1211 1218 1272 tamen
1240 1208 1340 1293 ipsius

191 1307 278 1390 quod
301 1305 502 1387 consequitur
525 1324 574 1370 nu.
596 1308 763 1369 361-365
786 1304 931 1386 responsi
953 1323 1070 1388 anceps
1092 1310 1220 1371 natura:
1251 1309 1338 1374 cuius

190 1414 326 1490 utraque
348 1426 422 1493 pars
446 1412 564 1488 quanto
587 1404 694 1489 aptius
715 1424 774 1489 per
795 1424 831 1470 se
852 1406 923 1471 sola
944 1403 1113 1488 consistat,
1145 1407 1196 1474 uel
1223 1409 1338 1481 extrin-

190 1530 281 1577 secus
303 1508 460 1576 indicatur
482 1507 533 1574 bis
554 1506 661 1590 posita
682 1505 901 1573 interiectione
922 1505 1039 1591 hercle,
1061 1526 1125 1588 qua
1147 1507 1276 1574 offertur
1299 1529 1339 1576 ex

152 1662 160 1683 a
189 1631 224 1677 se
247 1613 317 1679 sola
338 1618 416 1696 apta
438 1617 470 1678 et
491 1610 578 1695 prior
600 1613 631 1674 et
653 1607 810 1692 posterior
832 1606 1017 1674 enuntiatio.
1053 1610 1204 1675 Attamen
1225 1611 1338 1676 utrius-

188 1733 250 1794 que
274 1735 313 1781 ea
336 1719 385 1779 est
406 1712 523 1794 uirtus,
553 1717 589 1776 ut
609 1708 705 1776 ualde
727 1709 848 1793 ambigi
870 1708 986 1793 possit,
1013 1714 1085 1775 utra
1105 1710 1212 1795 potius
1234 1711 1338 1796 ipsum

187 1816 337 1881 Plautum
352 1818 514 1880 auctorem
529 1812 650 1880 habere
672 1797 832 1896 credenda
853 1809 908 1877 sit:
931 1809 973 1877 de
994 1812 1220 1897 interpolatore
1242 1813 1339 1898 igitur

187 1919 220 1983 in
242 1917 292 1982 his
314 1933 442 2000 prorsus
458 1911 628 1979 abicienda
650 1918 699 1977 est
720 1911 869 1997 suspicio.
906 1911 1011 1990 Quare
1033 1913 1076 1979 ad
1097 1901 1336 1981 retractatorum

186 2018 367 2084 scaenicum
381 2015 487 2082 uerius
506 2015 691 2079 alterutrum
713 2033 862 2080 uersuum
883 2032 942 2098 par
963 2013 1136 2082 referentes
1157 2017 1204 2082 sie
1225 2014 1334 2082 discri-

147 2155 150 2159 >
188 2121 299 2186 bemus
321 2124 480 2186 extremos
501 2115 596 2181 huius
617 2134 754 2180 scaenae
776 2133 901 2181 uersus:

638 2331 735 2384 Recc.
752 2331 778 2383 A
796 2336 829 2384 et
845 2331 876 2383 B.

339 2448 427 2506 Senex
445 2451 473 2503 in
490 2449 630 2517 Ephesum
648 2449 713 2527 biset
730 2462 827 2502 aurum
844 2443 995 2502 arcessere:

338 2534 390 2588 Hic
408 2536 503 2587 nostra
520 2537 615 2600 agetur
632 2531 754 2587 ectasin
771 2532 904 2586 malacum
920 2531 1036 2598 modum,
1092 2597 1094 2604 y

340 2618 476 2686 Siquidem
493 2617 539 2671 hic
556 2617 689 2686 relinquet
706 2617 794 2685 neque
811 2632 902 2671 secum
919 2616 1036 2671 abducet
1053 2618 1141 2672 semul

337 2702 402 2756 Med
421 2699 448 2755 et
465 2701 670 2757 Mnesilochum.
698 2699 764 2771 quis
782 2716 831 2768 ego
848 2701 893 2756 hic
911 2703 1007 2758 turbas
1026 2701 1103 2757 dabo.

337 2787 390 2842 Sed
408 2787 471 2855 quid
487 2787 643 2852 futurumst,
662 2801 742 2853 quom
759 2787 811 2840 boc
829 2800 912 2840 senex
929 2788 1086 2843 resoluerit?

687 2934 765 3008 lieo.
784 2955 816 3007 A.

336 3072 421 3129 Credo
439 3073 539 3139 hercle,
557 3072 704 3129 adueniens
723 3075 821 3130 nomen
837 3077 954 3130 mutabit
971 3076 1035 3132 mibi

331 3158 480 3227 Facietque
497 3159 631 3228 extemplo
649 3159 817 3215 Crucisalum
834 3175 876 3215 me
895 3176 928 3215 ex
946 3160 1083 3230 curtiole.

689 3325 765 3379 Rec.
784 3325 816 3378 B.

332 3443 470 3509 Aufbgero
488 3442 587 3504 hercle,
606 3443 629 3493 al
646 3440 731 3506 magis
750 3455 815 3494 usus
833 3438 952 3494 uenerit:

332 3527 360 3579 Si
377 3524 416 3578 illi
434 3528 497 3578 sunt
513 3525 606 3590 uirgae
623 3520 690 3586 ruri,
709 3523 819 3577 etmihi
836 3526 940 3591 terguim
957 3522 1062 3577 domist.

631 3688 728 3745 Recc.
747 3691 772 3743 A
789 3695 821 3743 ct
837 3689 869 3742 B.

333 3809 411 3890 Nunc
429 3808 488 3862 lbo:
507 3806 566 3860 erili
584 3804 641 3860 lilio
660 3806 731 3860 hanc
748 3803 878 3861 labricAm
896 3805 965 3860 dabo
990 3838 992 3841 .

331 3893 419 3960 Super
436 3895 502 3945 auro
521 3890 660 3957 amicaque
678 3889 737 3967 eius
754 3890 866 3945 inuenta
884 3889 1028 3945 Bacchide.

213 4018 410 4060 lorostaria:

282 4082 339 4132 354.
357 4084 410 4127 birel
422 4085 446 4128 G.
461 4083 556 4126 loeutus
568 4083 590 4126 in
604 4083 714 4126 Amalectis
725 4083 797 4125 Pium.
811 4096 834 4137 p.
845 4085 893 4130 245.
920 4083 959 4126 ibit
973 4084 1032 4132 libri,
1050 4083 1177 4137 Speoqelias
1189 4083 1212 4126 l.
1221 4084 1248 4128 ll.
1259 4086 1329 4134 Ploat.

210 4168 233 4207 p.
245 4155 293 4202 leo,
312 4154 357 4196 Usa.
385 4152 436 4196 binc
453 4152 492 4198 ibit
510 4151 635 4194 Comerorio
654 4151 707 4193 duee
726 4150 796 4200 editt,
813 4150 930 4195 Muellerus
946 4152 1001 4194 Adri.
1020 4151 1079 4196 Proa.
1097 4151 1129 4194 Pl.
1145 4154 1224 4206 pilo.
1244 4147 1248 4216 l
1269 4153 1329 4204 356,

213 4223 284 4264 semul
300 4222 349 4263 Bru.
370 4231 439 4264 senex
457 4220 516 4269 libri,
533 4220 597 4267 editt.
612 4212 616 4279 1
633 4216 691 4266 357.
710 4217 795 4260 medei
812 4231 860 4260 cum
877 4219 939 4261 libris
952 4218 1032 4260 llitsch.
1050 4216 1105 4274 (eiu.
1117 4218 1173 4262 Nou.
1185 4221 1237 4264 Eme.
1247 4234 1270 4274 p.
1282 4222 1328 4281 28),

212 4291 291 4338 lilerio,
309 4289 450 4331 Buechelerma
462 4289 488 4330 de
501 4288 556 4330 decl.
571 4300 595 4340 p.
607 4288 649 4335 25:
669 4286 696 4339 os.
714 4285 879 4339 Umpseobacbr'i
893 4284 999 4328 Meletem.
1017 4285 1050 4328 Pl.
1065 4296 1088 4337 p.
1100 4285 1139 4335 32,
1157 4286 1257 4331 Muelleri
1269 4290 1329 4335 Peos.

212 4359 244 4401 Pl.
260 4358 346 4410 p.732.
364 4351 367 4417 l
384 4354 442 4404 359.
462 4353 511 4404 360
530 4362 550 4397 et
569 4353 618 4403 364
637 4353 780 4407 interpolatos
798 4355 842 4397 uiri.
857 4354 918 4409 §aa
941 4346 945 4416 Ι
968 4351 1068 4414 36189.
1087 4353 1115 4405 cs.
1131 4354 1327 4420 Poen.lV2,6i.l
1424 4368 1426 4370 ·

212 4422 261 4473 366
271 4433 311 4489 sq.
336 4426 380 4467 llos
397 4437 433 4466 aa.
450 4425 512 4467 uncia
529 4423 668 4465 circumdatis
684 4428 794 4474 suspector
811 4422 897 4464 uelauit
915 4421 1040 4474 Uesinqius,
1060 4431 1108 4461 oum
1126 4432 1193 4475 meque
1204 4427 1329 4478 *oeconomis

210 4494 300 4547 fiqcrom
318 4492 378 4548 (quid
389 4493 419 4536 sil
431 4492 584 4546 similiarium,
602 4502 637 4533 aa.
648 4487 765 4533 ‘deciorum
774 4491 818 4534 591
825 4502 856 4544 aq.
863 4504 870 4539 ;
887 4488 983 4532 similem
994 4487 1189 4541 breailoqueotiom
1197 4498 1265 4543 poeto
1278 4505 1327 4536 eue-

208 4563 258 4614 pius
271 4573 334 4604 omres
346 4567 385 4610 est,
404 4562 463 4604 coelat
475 4560 521 4613 llil.
531 4556 584 4619 34⁰)
601 4559 656 4602 solia
667 4566 805 4613 perspectam
816 4559 905 4602 baberet
915 4569 984 4612 oeque
995 4555 1127 4600 locutionem
1145 4556 1252 4604 lubricam
1270 4560 1327 4604 debe
1417 4598 1422 4607 .
