2948 4746
365 345 406 399 De
423 342 590 398 Bacchidnm
607 341 750 398 Plautinae
767 342 961 398 retractatione
977 343 1113 401 scaenica.
1250 342 1310 403 117

160 517 308 583 iactauit:
339 514 394 579 ubi
416 513 459 580 66
481 511 654 579 maledicta
675 512 731 578 ille
752 531 937 598 progressus
962 514 1193 599 impudentiam
1215 516 1309 583 disci-

160 620 236 704 pulo
253 617 411 698 obiurgat,
434 614 594 682 silentium
610 615 755 680 tenebit?
784 614 847 680 Vix
862 613 1062 682 crediderim.
1099 615 1181 684 Vide
1201 624 1311 686 autem

162 725 281 801 quanto
298 717 411 782 melius
426 736 477 782 res
494 734 529 782 se
550 716 677 798 habeat,
701 716 728 780 si
751 734 802 780 uu.
818 721 869 783 51,
886 719 926 778 52
950 715 1062 782 eodem
1085 716 1180 783 modo
1203 719 1311 784 statim

163 820 363 903 excipiantur
378 817 521 883 uersibus
544 819 593 882 58.
610 819 661 898 59,
684 822 782 899 atquc
803 816 837 900 11,
860 817 915 897 661
937 818 1064 884 illorum
1086 818 1205 900 gemini
1227 826 1311 902 sunt,

162 926 213 986 60.
238 924 288 985 111.

248 1021 313 1087 Sed
329 1019 406 1103 qnid
421 1019 476 1085 fiet
490 1018 685 1102 interpositis
699 1018 764 1084 illis
779 1019 931 1084 53-57?
964 1018 1012 1084 Ex
1030 1019 1079 1086 his
1093 1019 1215 1104 priores
1230 1019 1313 1086 dnos

162 1145 232 1190 cum
255 1121 409 1206 proximis
438 1121 522 1186 male
549 1121 718 1187 conuenire
747 1120 811 1185 ianr
833 1119 1025 1187 Ritschelius
1052 1121 1143 1186 uidit.
1187 1121 1312 1188 Tamen

162 1248 226 1292 non
245 1225 347 1291 solum
370 1241 478 1288 carere
499 1241 666 1306 possumus
688 1221 943 1305 transpositionis
965 1220 1108 1303 artificio,
1131 1222 1190 1288 666
1213 1223 1312 1290 ctiam

163 1328 266 1410 magis
281 1325 467 1392 concinnum
484 1322 690 1403 adsequimur
703 1322 932 1389 sententiarum
948 1342 1064 1388 nexum
1086 1330 1215 1390 seruata
1237 1345 1310 1391 oon·

162 1411 321 1495 locatione
344 1421 478 1505 tradita,
509 1422 680 1490 dummodo
703 1423 746 1489 ad
768 1424 901 1489 alteram
925 1425 1141 1492 recensionem
1163 1426 1236 1493 illos
1259 1431 1311 1492 53.

165 1538 204 1595 54
228 1535 372 1614 spectare
393 1526 626 1608 intellegamus,
650 1523 695 1588 ita
711 1529 821 1591 61666
835 1532 1009 1606 sequantur
1029 1533 1102 1609 post
1123 1547 1174 1594 uu.
1192 1532 1242 1592 51.
1259 1531 1311 1611 52,

163 1631 221 1699 sed
244 1628 437 1713 praecedent
458 1624 604 1692 uersibus
627 1627 744 1691 1661.
781 1625 865 1691 Nam
887 1626 1001 1707 reliqui
1024 1632 1233 1694 116655-51
1258 1648 1312 1694 ne-

164 1753 227 1815 666
249 1731 376 1799 omnino
397 1729 432 1794 in
453 1726 514 1792 hac
535 1744 671 1791 scaenae
693 1733 783 1810 parte
805 1728 866 1792 6161
887 1746 960 1792 cum
987 1730 1143 1813 exsangui
1171 1729 1312 1810 quadam

164 1832 341 1901 sententiae
363 1829 516 1895 tenuitate
538 1826 667 1892 retineri
689 1834 821 1912 possunt
843 1835 874 1894 et
895 1829 1061 1914 pristinam
1084 1828 1194 1896 sedem
1221 1849 1313 1896 accu-

165 1935 324 2002 ratissime
346 1931 399 1996 uel
420 1928 590 1994 uerborum
611 1928 644 1992 in
673 1928 894 2013 respondendo
924 1931 1129 2011 congruentia
1158 1932 1238 1997 satis
1267 1929 1313 1996 di·

165 2033 271 2100 lucide
286 2035 461 2098 ostentant:
484 2047 564 2108 quos
579 2027 664 2093 baud
678 2030 776 2096 facile
793 2028 920 2095 credam
941 2051 1005 2096 non
1029 2032 1213 2099 coniunctos
1235 2033 1313 2098 clim

165 2135 263 2201 inisse
285 2151 356 2198 curn
378 2130 523 2197 uersibus
548 2131 689 2193 129-31
713 2135 892 2214 6113166,
914 2134 1069 2214 gemellos
1092 2135 1221 2219 quidem
1243 2154 1313 2202 uer·

164 2238 406 2314 6666132666
429 2232 518 2298 ouius
540 2229 776 2316 dittographiae
798 2233 927 2300 minimo
949 2233 1067 2302 dubiae
1078 2236 1110 2320 ¹),
1133 2243 1168 2302 ut
1190 2238 1311 2321 opinor,

164 2336 347 2420 exemplum
368 2334 475 2400 statim
496 2331 627 2399 subicio.

671 2532 747 2588 Rec.
766 2533 799 2587 Δ.

162 2656 252 2722 1221
273 2652 365 2707 PIST:
384 2652 446 2707 Non
464 2651 550 2706 omnis
568 2656 653 2718 aetas,
671 2651 752 2719 Lide,
770 2651 833 2708 1666
853 2655 988 2709 66666611.
1212 2658 1259 2707 129
1278 2655 1311 2710 R.

275 2738 362 2807 Magis
380 2741 461 2791 dnum
479 2737 507 2789 in
525 2741 668 2789 mentemst
685 2735 751 2789 mihi
769 2753 850 2800 6666,
869 2739 936 2791 66116
955 2743 987 2790 61
1004 2737 1142 2793 commode

222 2828 254 2877 13
275 2822 329 2876 Pro
348 2823 476 2888 dignitate
494 2819 590 2886 opsoni
606 2820 676 2872 haec
694 2821 823 2872 concuret
836 2836 945 2888 coquos.

222 2947 253 2996 55
273 2940 361 2994 LYD:
380 2938 458 2991 Peior
475 2937 603 3001 magister
619 2938 648 2986 16
665 2936 749 2987 istaec
766 2934 866 3000 docuit,
885 2939 938 2988 666
957 2950 1020 3003 ego:
1265 2938 1312 2990 113

276 3021 388 3076 Nimio’s
406 3022 437 3072 16
454 3017 489 3071 ad
506 3018 572 3070 16166
590 3017 634 3069 666
652 3015 801 3083 discipulus
824 3017 945 3084 docilior,

224 3112 255 3161 51
277 3105 363 3172 Quam
380 3102 415 3156 66
432 3101 487 3164 illa,
505 3114 574 3167 quae
591 3104 618 3152 te
636 3098 726 3165 66661,
745 3100 790 3155 611
808 3115 917 3169 operam
935 3100 1048 3169 perdidi.

224 3229 257 3280 ‘lb
277 3219 370 3275 PIST:
389 3215 491 3271 Ibidem
509 3217 558 3283 ego
575 3229 662 3268 meam
681 3230 790 3284 operam
808 3219 919 3286 perdidi,
938 3219 1000 3274 cubi
1018 3217 1047 3273 16
1065 3225 1153 3273 tuam:
1264 3226 1313 3276 134

278 3308 339 3361 Tua
356 3301 497 3368 discipline
515 3301 565 3353 666
582 3299 648 3352 mibi
665 3299 777 3368 prodest
794 3303 845 3356 666
862 3303 920 3357 tibi.

253 3469 277 3530 1)
295 3466 365 3521 Nam
383 3467 455 3537 quod
472 3468 567 3522 horum
585 3482 712 3522 66666616
730 3469 816 3523 altera
833 3472 954 3526 recensio
976 3473 1062 3552 alieno
1086 3473 1145 3526 loco
1170 3471 1314 3528 exhibetur

163 3552 312 3609 interiectis
327 3552 437 3620 triginta
453 3551 512 3606 iere
530 3551 663 3616 uersibus,
680 3552 733 3606 hoc
751 3556 849 3609 erroris
867 3570 917 3609 nec
934 3556 1091 3611 incredibile
1109 3556 1158 3611 tibi
1176 3556 1313 3613 uidebitur

164 3639 299 3693 rationum
314 3637 465 3704 recordate,
484 3653 552 3707 quas
565 3637 598 3692 de
611 3643 765 3694 nostrorum
777 3640 969 3707 exemplarium
987 3648 1049 3696 ortu
1066 3657 1100 3695 ac
1118 3642 1313 3710 compositione

165 3723 379 3792 explanauimus‚
397 3735 447 3775 nec
459 3722 557 3777 666661
569 3722 649 3778 buius
666 3723 706 3777 rei
724 3723 858 3791 exempla:
876 3724 953 3778 uelut
965 3724 1134 3780 cmculionis
1153 3741 1198 3779 66.
1213 3729 1261 3779 389
1271 3743 1312 3794 66.

165 3814 259 3877 aperte
276 3808 341 3862 mihi
359 3812 482 3875 spectaro
500 3805 626 3861 uidentur
643 3807 678 3861 66
695 3824 722 3861 6.
741 3812 789 3861 455
813 3814 841 3862 61
858 3809 974 3877 Lyconis
996 3824 1056 3864 esse
1080 3809 1177 3873 uerba,
1202 3816 1311 3864 extruso
1369 3834 1372 3839 ·

166 3893 272 3963 quidem
289 3909 384 3955 uersu,
410 3908 463 3960 quo
481 3890 616 3960 Lyconem
633 3891 800 3944 incedentem
818 3893 1003 3960 conspiciebat
1020 3893 1162 3959 Curculi03
1186 3893 1312 3949 6116666

165 3993 255 4046 pauca
274 3976 396 4032 inuenies
421 3975 494 4045 apud
512 3975 671 4045 Seyffertum
689 3975 764 4032 Stud.
782 3976 871 4032 Plaut.
891 3993 916 4045 p.
937 3982 968 4030 10
986 3984 1014 4031 61
1030 3975 1102 4045 apud
1121 3977 1261 4033 (loetzinm
1279 3979 1312 4034 de

166 4061 273 4129 dittogr.
290 4079 317 4130 p.
336 4065 480 4116 isi-iou.
