2940 5144
212 333 282 394 172
612 334 789 390 Gueltlrerus
807 334 995 390 Brachmenm

218 527 295 574 num
319 527 394 575 uere
416 507 565 573 salutaris
588 507 783 574 Ritschclius
796 506 820 592 ¹)
850 506 925 573 hnic
947 525 1064 572 causae
1087 505 1246 572 exstiterit
1268 514 1373 592 patro-

218 628 289 675 nus.
334 608 463 691 Omitto,
487 610 573 691 quod
596 609 694 676 etiam
715 609 841 691 aegrius
864 608 909 674 sic
937 606 1094 692 accipitur
1115 607 1279 674 simillima
1300 630 1371 676 sen-

220 711 390 777 tentiarum
412 711 445 776 in
467 730 518 777 uu.
534 710 627 776 XXV
644 718 676 777 et
690 710 813 776 XXVII
830 709 1055 776 conformatio:
1072 709 1184 777 omitto
1199 708 1280 776 illud
1296 729 1371 791 quo·

219 831 292 895 que,
315 810 401 894 quod
423 813 492 897 ipse
514 833 544 878 u.
556 813 666 878 XXVI
688 812 785 877 ctiam
806 811 839 876 in
862 811 951 877 exitu
972 830 1120 894 scaenae,
1143 830 1205 892 quo
1222 832 1295 879 curn
1311 816 1373 877 ret-

218 913 293 979 tulit
320 914 529 999 Ritschclius,
561 913 735 980 redundat:
763 912 888 996 respice
915 914 960 978 sis
990 932 1115 979 mecum
1145 913 1373 979 reconditiores

219 1015 361 1099 Ipsorum
384 1017 617 1083 enuntiatorum
638 1014 796 1097 rationes;
820 1032 903 1096 quae
927 1012 1074 1098 quidem,
1096 1013 1125 1081 si
1147 1034 1167 1079 a
1187 1015 1303 1080 Plauto
1326 1014 1372 1081 ita

219 1118 399 1200 composita
420 1119 492 1202 sint,
516 1116 710 1184 credendum
733 1122 781 1182 est
802 1137 866 1182 non
880 1114 1011 1182 fortuito
1027 1121 1200 1182 externoue
1216 1116 1372 1183 contineri

218 1217 356 1301 uinculo,
378 1218 437 1286 sed
458 1225 526 1286 arte
548 1225 582 1286 et
602 1217 734 1286 consilio
756 1217 933 1298 intimaque
955 1217 1096 1298 quadam
1113 1216 1291 1282 'sententiae
1314 1238 1371 1283 ne-

222 1319 375 1386 cessitate
397 1321 480 1387 inter
500 1340 536 1386 se
558 1340 643 1387 nexa
665 1339 736 1386 esse
752 1326 848 1401 atque
869 1318 916 1385 ita
938 1339 979 1385 ex
1001 1318 1065 1385 alio
1087 1317 1177 1384 aliud
1198 1325 1317 1403 aptum,
1337 1328 1374 1386 ut

219 1420 300 1486 nihil
322 1420 434 1487 inutile
457 1419 587 1504 dictum,
609 1420 688 1487 nihil
710 1441 774 1487 non
796 1440 853 1487 suo
876 1420 946 1487 loco
970 1420 1108 1505 positum
1130 1420 1287 1488 uideatur.

231 1559 236 1566 -
306 1521 429 1600 Quodsi
450 1521 597 1589 uidemus
617 1523 651 1588 in
673 1523 722 1607 iis,
746 1543 829 1605 quae
851 1523 1053 1604 antecedunt,
1075 1522 1248 1606 plurimum
1262 1523 1373 1591 ualere

219 1644 325 1690 rerum
347 1624 580 1709 inopinatorum
603 1644 675 1691 cum
704 1623 941 1691 multitudinem
970 1629 1038 1690 tum
1067 1625 1279 1709 celeritatem,
1311 1631 1375 1708 qu'a

220 1726 420 1811 opprimatur
440 1727 649 1812 imprudentis
664 1727 789 1792 animus
804 1725 939 1810 ipsaque
954 1732 1205 1811 praeoccupetur
1220 1728 1374 1810 quodam-

220 1827 316 1896 modo
342 1827 512 1912 cogitatio,
541 1849 613 1895 cum
641 1828 781 1908 undique
809 1834 937 1911 praeter
965 1829 1236 1913 exspectationem
1266 1831 1374 1897 omnia

218 1930 255 1996 in
277 1950 350 1997 eum
372 1930 525 1997 inuadere
547 1930 731 1998 uideantur:
759 1929 971 1996 suauissimac
991 1930 1163 1997 Bacchidis
1186 1931 1373 2014 blanditiae,

219 2031 336 2113 quibus
358 2030 574 2098 obtunduntur
594 2031 695 2116 ipsius
717 2031 838 2114 minae;
867 2029 963 2096 amici
991 2031 1124 2098 uixdum
1152 2033 1196 2098 ad
1216 2034 1375 2117 proelium

219 2152 293 2200 sese
316 2134 518 2218 expedientis
539 2133 756 2218 turpissimum
777 2132 999 2216 transfugium,
1022 2151 1085 2214 quo
1101 2135 1285 2219 percellitur
1306 2136 1375 2201 ani-

220 2254 307 2318 mus;
330 2234 400 2301 auri
421 2234 630 2318 recuperandi
651 2233 881 2301 iucundissima
908 2252 998 2317 spes,
1031 2253 1095 2316 qua
1116 2235 1159 2302 ad
1182 2243 1304 2303 ceteros
1326 2224 1391 2302 in·x

223 2335 407 2420 dulgentiae
423 2354 570 2402 suasores
585 2336 618 2402 in
632 2336 732 2420 ipsius
747 2341 876 2419 pectore
895 2333 1082 2403 adsciscitur
1097 2337 1249 2404 auaritia:
1273 2339 1375 2420 quid?

146 2492 149 2499 .
221 2456 294 2502 oum
317 2435 367 2501 bis
389 2436 536 2502 omnibus
554 2441 689 2519 paratus
712 2442 745 2501 et
765 2436 830 2501 Iam
852 2455 956 2526 paene
971 2443 1082 2521 captus
1097 2439 1138 2504 sit
1153 2439 1221 2506 eius
1237 2440 1374 2523 animus,

221 2537 393 2603 abhorreat
414 2542 522 2603 tamen
545 2537 630 2618 quod
651 2535 783 2622 pudoris
805 2537 838 2603 in
860 2556 899 2603 eo
920 2537 1066 2604 relictum
1088 2538 1166 2623 sit2)
1187 2561 1208 2606 a
1226 2541 1284 2607 filii
1301 2562 1375 2608 oum

219 2644 325 2705 scorto
347 2639 532 2705 accubantis
554 2638 724 2724 adspectu:
752 2658 828 2703 num
858 2644 978 2706 temere
999 2639 1104 2705 credin
1125 2640 1172 2706 ita
1194 2662 1261 2732 rem
1284 2643 1374 2709 insti-

220 2747 323 2807 tutam
346 2760 425 2824 esse,
448 2747 482 2806 ut
503 2741 609 2807 subito
632 2746 717 2808 totus
732 2744 950 2806 consternatur
970 2740 1079 2807 fucata
1093 2747 1191 2824 atque
1205 2744 1374 2828 impuden-

219 2842 345 2908 tissIma
366 2841 542 2908 meretricis
564 2841 780 2927 simplicitate,
803 2861 874 2907 curn
897 2841 938 2908 de
960 2841 1026 2917 filio
1042 2842 1107 2909 iarn
1122 2864 1186 2911 non
1200 2844 1254 2927 agi
1276 2846 1374 2931 dicat,

218 2942 317 3011 immo
340 2964 410 3010 cum
424 2943 496 3027 ipso
511 2962 587 3010 sene
609 2962 680 3011 sese
696 2943 914 3010 accubituram
930 2942 1022 3009 esse?
1044 2945 1095 3010 Ita
1108 2944 1173 3029 ille,
1190 2944 1266 3013 dum
1281 2948 1375 3032 quasi

219 3044 264 3110 ad
291 3046 531 3129 propugnacula
558 3065 593 3111 se
623 3051 716 3130 parat
745 3042 963 3127 defendenda,
992 3044 1058 3121 iam
1086 3045 1128 3114 de
1156 3047 1226 3133 ipso
1253 3048 1374 3135 oppido

220 3145 415 3212 miserrimus
438 3152 597 3213 certamen
621 3166 692 3213 esse
716 3145 812 3212 uidet.
856 3145 955 3228 Atqui
984 3146 1067 3214 hanc
1096 3149 1149 3216 uel
1172 3151 1373 3218 Plautinissi-

219 3267 306 3312 mam
328 3266 477 3313 uersuum
492 3249 616 3314 XXVII
627 3268 674 3329 sq.
690 3247 897 3315 festiuitatem
918 3270 1022 3317 nonne
1037 3256 1172 3336 apparet
1186 3250 1300 3318 misere
1316 3251 1373 3318 dc·

218 3347 304 3414 trahi
331 3368 388 3415 scu
416 3348 523 3434 potius
550 3349 647 3433 plane
676 3348 849 3430 exstingui,
878 3351 907 3416 si
935 3372 1148 3438 praepropere
1175 3351 1374 3421 Philoxenus

218 3449 355 3517 candem
377 3450 467 3515 illam
487 3469 555 3515 rem
578 3449 670 3534 quasi
691 3450 868 3534 praeripiat
890 3473 919 3518 u.
943 3453 1073 3519 XXIV?

304 3551 389 3634 Ergo
412 3551 622 3618 Ritschclium
644 3571 759 3619 censeo
782 3551 897 3620 iniuria
917 3574 1044 3621 uersum
1066 3555 1177 3621 XXVI
1199 3575 1239 3622 ex
1263 3573 1373 3623 eorum

308 3737 332 3800 1)
349 3732 420 3789 Nam
437 3735 528 3804 qualia
545 3735 600 3790 sint
617 3740 644 3789 et
661 3735 809 3791 Hermanni
826 3742 854 3791 et
871 3737 990 3808 Ussingii
1008 3743 1173 3805 commenta,
1199 3752 1269 3808 quae
1293 3736 1375 3809 attuli

219 3818 248 3873 in
266 3819 328 3874 adn.
347 3819 415 3888 crit,
435 3820 619 3890 unusquisque
636 3819 717 3874 facile
733 3821 872 3876 iudIcabit.
1334 3817 1338 3823 ’

305 3908 332 3971 2)
349 3905 494 3961 Praeclare
505 3906 541 3961 ad
553 3905 675 3961 ultimum
692 3911 827 3961 certamen
844 3906 923 3962 enixe
940 3907 1026 3983 omnis
1044 3907 1115 3963 uires
1134 3905 1306 3976 corripientis
1324 3905 1372 3960 ad-

219 3986 321 4042 fectum
338 3991 464 4060 exprimit
481 3989 617 4046 concitata
635 3989 813 4060 abruptorum
831 3991 1013 4048 membrorum
1031 3993 1191 4061 cumulatio,
1216 4005 1285 4060 quae
1301 3989 1375 4047 inest
1395 4062 1399 4069 Ι

133 4128 136 4139 Λ
218 4070 248 4124 iu
265 4087 292 4126 u.
309 4071 398 4127 XXII.
