2940 5144
681 292 684 297 .
743 292 748 299 .
796 292 828 304 ι(Ὶ
882 285 988 308 ''‹„,
1051 295 1141 307 „nmis

68 300 586 389 r-flunithassnfflfl‘
598 290 689 373 ⁸1¹
994 327 999 336 ²
1017 321 1116 348 *W*

367 784 412 841 Da
427 784 592 841 Bacchidnm
608 784 752 843 Plautinae
768 786 962 841 retractatione
979 788 1113 843 scaenica.
1254 790 1314 849 163

158 956 363 1041 quaerimus,
391 956 546 1025 Bacchidi
566 957 665 1023 tribui
686 976 791 1042 posse.
837 954 919 1023 Sunt
947 958 1043 1043 igitur
1071 960 1214 1027 eiusdem
1243 982 1313 1046 per·

158 1078 260 1127 sonae
280 1056 481 1141 eandemque
494 1059 617 1125 habant
638 1060 703 1125 uim
719 1064 753 1125 et
774 1057 1037 1139 significationem
1059 1081 1098 1127 ae
1120 1064 1227 1147 priora
1246 1064 1312 1149 illa,

161 1182 248 1247 quae
269 1166 396 1229 emunt
415 1180 447 1227 n.
469 1157 533 1227 86¹³.
557 1162 615 1241 873
643 1178 703 1225 neo
724 1170 858 1245 possunt
879 1162 1027 1245 coniungi
1056 1184 1128 1229 cum
1150 1164 1199 1245 iis,
1230 1186 1313 1245 «purae

126 1312 135 1321 -.
163 1262 294 1347 amplae
319 1258 443 1344 quidem
472 1262 608 1327 lacunae
635 1260 809 1331 intercessu
839 1261 872 1328 in
901 1263 971 1346 ipso
1000 1265 1115 1331 Vetere
1143 1276 1314 1347 segregata

164 1368 410 1447 eomequnnturz
437 1360 530 1443 Quod
548 1364 646 1425 serrae!
662 1364 747 1437 ‹lia-i,
775 1364 863 1427 breue!
891 1364 1029 1430 rrerrtobo:
1060 1366 1175 1447 quibus
1204 1386 1311 1431 exem·

163 1466 228 1550 ptis
237 1464 461 1551 percommode
477 1486 549 1533 enm
564 1465 688 1546 reliqua
703 1485 814 1533 uersus
835 1468 876 1529 tib
891 1474 983 1551 parte
1004 1468 1036 1533 in
1052 1469 1144 1535 unius
1166 1476 1312 1551 septena-

160 1566 201 1635 rii
219 1566 438 1653 integritatem
459 1568 652 1637 coalescunt.
696 1568 757 1633 illa
786 1573 892 1633 antem
915 1568 1002 1653 ipsa,
1036 1590 1119 1653 equae
1140 1570 1313 1636 turbabant

158 1688 271 1737 amam
292 1689 475 1738 sermonum
496 1669 672 1751 rationem,
697 1668 773 1750 qnid
796 1666 926 1735 tandem
948 1670 1126 1739 inuenietur
1148 1670 1233 1753 quod
1256 1680 1312 1739 aut

159 1770 263 1839 lenius
284 1773 328 1839 eit
348 1777 405 1839 aut
426 1772 530 1857 magis
552 1792 593 1837 ex
616 1770 687 1854 ipsa
715 1771 761 1836 rei
783 1778 898 1837 natura
919 1780 1037 1855 aptum,
1064 1794 1159 1855 «quarn
1183 1784 1217 1837 ut
1239 1792 1311 1839 con-

159 1874 359 1955 glutinentur
371 1892 444 1939 eum
458 1871 660 1941 hemistichio
675 1871 732 1939 ilio
747 1891 858 1938 uersus
874 1876 914 1937 su
930 1874 1044 1957 priore,
1059 1874 1145 1957 quod
1161 1881 1194 1941 et
1208 1874 1311 1959 ipsum

159 1974 273 2043 tollere
293 1973 465 2042 uidebatur
484 1976 643 2041 sincerum
659 1977 691 2039 et
712 1975 925 2041 necessarium
940 1978 1168 2042 sententiarum
1184 1996 1311 2060 nerum,

158 2075 222 2145 bo'c
242 2075 374 2159 quidem
395 2077 560 2161 exemplo:

158 2242 269 2315 <ΒΔοι>
286 2244 366 2300 Hanc
377 2239 486 2299 ueniam
502 2242 556 2299 illis
574 2242 678 2297 sinete
697 2240 814 2296 exorem.
841 2240 947 2309 <iloto
965 2240 1041 2308 Quod
1051 2238 1143 2377 bse'urnei
1161 2241 1225 2306 dini,
1244 2244 1311 2298 heaut

974 2328 1049 2378 mutet
1069 2340 1096 2378 o.

160 2464 263 2545 Quem
284 2484 410 2535 uersum
434 2465 476 2531 ab
492 2465 585 2531 buius
608 2465 671 2532 ioci
685 2469 872 2547 argumento
887 2481 1016 2548 prorsus
1031 2460 1204 2529 abhorrere
1219 2484 1309 2547 aper-

158 2574 229 2633 tum
250 2574 313 2635 eat:
335 2566 391 2633 ubi
412 2566 579 2651 pristinam
600 2586 692 2633 suam
715 2566 825 2634 sedem
847 2583 1035 2648 recuperare
1050 2561 1205 2647 uideatur,
1228 2586 1311 2633 nunc

155 2688 223 2735 non
243 2688 398 2736 curamus.
421 2705 463 2715 -

242 2788 349 2870 Atque
372 2787 433 2854 hoe
455 2787 585 2869 quidem
607 2788 640 2854 in
662 2790 732 2856 loeo
755 2789 834 2857 satis
857 2795 1017 2873 comptam
1047 2787 1199 2870 consequi
1221 2786 1310 2855 licuit

157 2890 409 2973 centenariorum
436 2890 666 2973 integritatem,
694 2911 798 2975 neque
827 2912 907 2977 opus
936 2898 1006 2958 erat
1033 2912 1105 2958 oum
1133 2891 1309 2959 Ritsehelio

157 2990 203 3057 ad
215 2992 360 3058 ultimum
375 2990 457 3058 iilud
475 2998 507 3060 et
529 3001 705 3062 extremum
728 3016 896 3077 recurrere,
920 3001 955 3060 ut
974 2995 1088 3062 lacuna
1103 2999 1309 3062 statueretur:

157 3112 221 3159 non
242 3094 313 3177 pari
333 3093 466 3161 lenitate
488 3095 544 3161 aiii
565 3094 630 3162 loci
651 3094 831 3179 castigandi
854 3101 935 3161 sunt.
980 3096 1126 3177 Etenim,
1156 3115 1227 3161 eum
1257 3094 1309 3159 uel

156 3194 260 3278 magis
275 3215 371 3278 quam
386 3196 539 3263 librorum
561 3196 735 3262 auctoritas
757 3194 959 3276 respicienda
981 3199 1065 3260 esset
1086 3196 1186 3275 ipsius
1201 3194 1309 3258 Plauti

80 3320 84 3327 ·
156 3315 209 3361 ars
232 3303 263 3363 et
285 3294 490 3377 consuetude,
514 3315 610 3377 quem
631 3294 760 3375 quidem
783 3299 935 3376 quantum
954 3291 1021 3358 fieri
1041 3297 1161 3376 posset,
1183 3291 1309 3375 singula

97 3410 107 3421 “
157 3398 321 3464 enuntiata
343 3395 540 3478 singulorum
562 3415 712 3462 uersuum
733 3394 850 3460 finibus
880 3391 1150 3476 comprehendere
1179 3391 1309 3458 solitum

155 3517 314 3564 essenon
336 3516 415 3579 epus
439 3503 488 3562 est
511 3497 667 3580 exemplis
689 3497 841 3580 probare:
865 3514 961 3577 aegre
983 3494 1042 3560 tuli
1064 3492 1203 3576 dispesci
1226 3494 1309 3561 bunc

155 3595 429 3677 elegantissimum
452 3598 683 3682 septenarium:

157 3755 242 3806 BAG:
266 3757 351 3807 Immo
370 3758 492 3823 equidem
510 3763 556 3831 pol
573 3766 663 3818 tecum
680 3765 852 3832 accumbam,
871 3737 903 3818 te
920 3760 1015 3819 amabo
1034 3766 1063 3818 et
1079 3768 1106 3818 te
1123 3760 1306 3878 amplenpabor.

1189 3848 1243 3899 78¹.
1264 3849 1308 3898 itia

156 3967 357 4054 Accedebat,
388 3976 474 4056 quod
497 3998 580 4060 quae
602 3989 810 4064 sequerentur
830 3985 865 4049 in
887 3982 1043 4068 principio
1066 4001 1177 4050 uersus
1202 3984 1308 4050 eonio·

157 4072 260 4140 canda
281 4090 352 4140 esse
375 4083 407 4143 et
429 4081 600 4146 uerborum
622 4083 791 4165 rhythmus
820 4082 958 4151 decebat
986 4103 1090 4165 neque
1119 4085 1183 4152 alio
1213 4088 1308 4169 pacto

157 4197 208 4243 uu.
233 4179 272 4241 80
302 4194 350 4258 sq.
379 4181 647 4264 septenariorum‚
676 4189 712 4248 ut
747 4204 806 4267 par
835 4188 919 4266 erat,
940 4202 1119 4252 mensurae
1145 4181 1309 4251 conciliari

156 4281 316 4362 poterant:
339 4286 450 4346 eontra
473 4301 555 4362 qnae
576 4282 774 4366 praecedunt
802 4281 929 4364 (uersus
944 4286 985 4346 78
1009 4282 1080 4349 dieo
1102 4282 1309 4368 principium)

156 4397 258 4459 aequo
280 4378 349 4445 iure
371 4382 458 4465 prius
480 4403 519 4449 ae
540 4384 697 4469 posterius
720 4382 893 4468 septenarii
918 4382 1094 4450 membrum
1117 4383 1310 4450 constituere

157 4477 357 4547 uidebantur.
401 4484 514 4566 ltaque
537 4489 612 4551 ante
634 4486 715 4553 haec
737 4481 904 4551 dimidiam
934 4502 1044 4551 uersus
1072 4491 1196 4570 partem
1224 4479 1309 4550 exei-

1057 4604 1104 4657 ιι*
