2940 5144
159 337 221 400 180
321 322 325 329 ⁴
462 356 465 361 ·
551 331 728 390 Gualtharius
744 330 918 387 Brachmann

153 512 223 576 iata
245 508 303 575 illa
325 526 452 590 quoque
474 526 510 573 se
532 504 718 589 exceperint
738 502 868 588 ordine,
891 503 933 571 de
955 502 1005 569 his
1030 502 1178 571 omnibus
1207 504 1310 571 multa

155 618 189 679 et
211 608 430 677 diuersissima
451 606 539 694 apud
566 613 693 675 ueteres
715 606 1030 690 circumferebantur3
1063 603 1150 690 quod
1178 625 1309 690 cognos-

156 732 229 780 cere
249 711 325 778 licet
347 730 366 777 e
382 709 518 778 Seruii
540 707 784 792 commentariis,
801 709 855 793 qui
869 709 913 775 ad
927 706 1046 791 Vergil.
1061 709 1140 775 Aen.
1156 708 1188 773 11
1207 713 1243 773 13
1260 728 1307 789 sq.

155 862 289 880 .....
312 809 427 876 hrocci
445 810 526 874 hello
537 809 686 896 setisque
703 809 827 893 repulsi
844 808 1006 872 Ductores
1019 807 1169 872 Danaum
1185 819 1233 871 tot
1247 812 1309 872 iam

153 913 325 977 Iohcntihus
362 919 451 976 annis
479 909 587 976 Instar
614 912 727 974 montis
762 931 873 994 equium
895 960 1028 977 .....
1050 910 1133 977 haec
1160 909 1308 977 adnotat:

157 1013 311 1078 Oroculis.
334 1013 509 1079 Secundum
531 1012 682 1076 Plautum
704 1010 824 1075 trihus:
846 1013 911 1074 usto
932 1011 1053 1075 scilicet
1071 1011 1180 1084 Troili,
1197 1011 1308 1074 Pallo-

154 1118 201 1180 dii
220 1117 466 1186 conservatione,
490 1116 613 1198 inteyro
635 1111 781 1197 sepulcro
803 1110 1039 1186 Laomedontis,
1063 1111 1148 1199 quod
1160 1113 1191 1174 in
1206 1110 1308 1175 Scaea

151 1228 251 1302 porta
264 1216 353 1301 suit:
374 1226 410 1280 ut
430 1218 461 1280 in
483 1213 696 1280 Bacchidibus
718 1214 829 1277 lectum
844 1225 900 1278 est.
938 1213 1114 1279 Secundum
1136 1213 1216 1277 otios
1230 1235 1309 1277 uero

151 1318 315 1404 pluribus:
343 1328 379 1382 ut
406 1317 445 1380 dc
474 1318 576 1382 Aeaci
594 1326 685 1402 9ente
707 1317 828 1403 aliquis
848 1318 1025 1390 interesset,
1056 1314 1137 1380 unde
1162 1313 1310 1400 Pyrrhus

153 1420 323 1484 admodum
340 1440 424 1503 puer
446 1429 593 1482 euocatus
615 1417 658 1482 od
678 1417 789 1481 helhum
811 1428 873 1493 est;
896 1428 932 1481 ut
951 1418 1055 1481 Rhesi
1074 1419 1148 1503 equi
1161 1417 1310 1480 tolleren-

154 1531 208 1584 tur
229 1518 271 1606 [a
304 1517 475 1606 Graecis],·
503 1530 539 1583 ut
560 1516 709 1583 Herculis
736 1520 923 1582 interessent
948 1521 1097 1603 soqittae,
1128 1539 1206 1604 qnos
1226 1520 1310 1581 misit

155 1623 345 1687 Philoctetes
365 1618 497 1706 [quihus
519 1620 616 1684 Peras
633 1629 816 1704 peremptus
838 1617 914 1704 est],
937 1641 1006 1684 cum
1028 1623 1094 1704 ipse
1114 1641 1176 1683 non
1188 1621 1308 1704 potuis-

154 1734 206 1787 set
226 1721 348 1807 afferre
368 1732 470 1791 morte
490 1722 721 1807 praeuentus.¹)
765 1721 858 1801 Quod
881 1742 957 1790 uero
979 1714 1072 1790 tertio
1090 1723 1161 1788 loco
1178 1721 1308 1789 Seruius

154 1824 261 1891 adfert
282 1824 383 1891 iatam
406 1823 559 1892 recedens
582 1824 782 1906 aliquantum
810 1844 831 1890 a
851 1824 958 1890 Plauti
984 1823 1091 1890 uerbis
1121 1822 1307 1909 explicatio-

155 1945 230 1992 nem
245 1920 357 1992 'habet
387 1945 428 1990 ex
458 1924 530 1992 aliis
559 1923 684 1992 duobus
707 1925 812 1993 Seruii
838 1925 934 1992 locis:
955 1923 999 1990 ad
1020 1925 1154 1992 Aeneid.
1176 1925 1208 1991 II
1231 1928 1308 1988 241:

154 2025 313 2088 Nouimus
342 2027 500 2110 (inteqro)
528 2027 673 2110 sepulcro
695 2024 938 2100 Laomedontis,
963 2025 1048 2111 quod
1066 2047 1162 2110 super
1178 2035 1310 2110 portam
1373 2067 1380 2074 ι

155 2125 288 2190 Scaeam
299 2120 462 2210 sundroni)
486 2137 553 2190 tuta
566 2126 676 2211 suissc
688 2127 767 2212 soto
794 2129 932 2191 Troiano
959 2134 991 2195 et
1012 2127 1055 2195 ad
1077 2129 1156 2195 Aen.
1177 2129 1209 2194 11
1231 2131 1309 2193 612:

154 2227 269 2291 Fctum
281 2226 357 2311 suit
376 2227 419 2290 od
446 2218 575 2292 coritium
607 2229 723 2292 Troiae
745 2250 809 2308 per
838 2229 895 2292 hos
926 2228 1003 2309 (scil.
1035 2228 1169 2309 Scaeas)
1196 2239 1311 2313 portas

151 2348 267 2414 equum
290 2328 456 2393 introduci.

241 2428 321 2494 Eam
344 2434 450 2496 autem
472 2427 567 2496 huius
589 2429 637 2496 rei
658 2431 859 2513 memoriam,
883 2451 979 2513 quam
1000 2433 1133 2498 Plautus
1156 2431 1309 2498 hocloco

156 2529 323 2614 amplexos
352 2534 417 2611 est,
445 2529 615 2615 probabile
644 2537 693 2598 est
721 2531 869 2599 Naeuii
898 2532 1009 2617 Equo
1043 2533 1216 2596 Troiano
1246 2533 1308 2600 Ro-

155 2630 260 2696 manis
283 2629 476 2716 innotuisse,
497 2630 540 2698 ad
564 2650 660 2713 quam
681 2632 879 2716 tragoediam
903 2633 986 2700 hanc
1006 2654 1158 2702 scaenam
1179 2635 1311 2700 rettule-

154 2738 229 2799 runt
243 2731 432 2800 Welckerus
454 2732 493 2796 de
515 2732 687 2817 traooediis
707 2735 832 2818 craecis
854 2755 885 2818 p.
902 2738 974 2818 523,
996 2734 1201 2818 Ladewigius
1221 2735 1309 2798 Ano-

154 2833 238 2897 Iecto
260 2835 404 2897 scaenico
426 2832 545 2919 (progr.
560 2853 668 2919 gymn.
684 2834 797 2903 Nouae
814 2834 976 2903 Strelitiae
998 2835 1142 2920 a.1848)
1165 2855 1238 2920 pag.
1258 2840 1309 2921 11,

155 2933 192 3001 0.
210 2934 407 3002 Ribbeckius
430 2936 469 2998 de
484 2934 648 3019 truooedia
663 2955 796 2999 romana
809 2955 884 3021 pag.
901 2940 951 3003 48.
981 2938 1123 3017 Quorum
1138 2937 1309 3022 sententia,

156 3034 186 3100 si
207 3055 271 3103 non
291 3042 418 3120 poterat
439 3036 635 3121 argumentis
656 3037 776 3121 refelli,
804 3043 839 3104 at
860 3044 944 3105 certe
965 3057 1030 3105 non
1059 3037 1187 3105 silentio
1215 3058 1310 3122 prae·
1387 3050 1391 3055 ’

155 3133 313 3201 tereunda
341 3141 411 3202 erat
438 3131 648 3227 Kies'slingio,
678 3137 732 3222 qui
760 3137 905 3202 Analect.
929 3138 1034 3202 Pham.
1057 3159 1088 3224 p.
1115 3144 1152 3203 14
1167 3157 1237 3223 sqq.
1267 3160 1309 3206 ex

155 3234 229 3319 ipsa
249 3234 447 3303 Menandrea
474 3238 584 3304 fabula
613 3239 721 3305 omnia
747 3239 806 3305 illa
826 3239 959 3307 fluxisse
980 3246 1133 3307 autumat.
1176 3241 1309 3307 Menan-

158 3336 252 3402 drum
276 3338 360 3404 enim
382 3358 532 3421 graecam
554 3340 716 3420 quandam
744 3342 945 3426 tragoediam
966 3342 1125 3426 tetigisse,
1148 3341 1237 3409 cuius
1260 3363 1311 3409 ar-

83 3462 86 3467 ·
157 3442 343 3518 gumentnm
371 3439 559 3505 accessisset
580 3440 624 3505 ad
645 3433 742 3506 Ἰλίου
771 3446 930 3530 Πέρσεως
957 3443 1207 3510 similitudinem.
1258 3444 1311 3509 Ex

158 3538 221 3604 hac
242 3537 410 3623 tragoedia
431 3540 546 3607 hausta
568 3541 666 3610 fuisse
696 3562 903 3626 quaecunque
930 3543 973 3610 ad
1001 3564 1053 3613 res
1075 3544 1191 3611 Iliacas
1220 3564 1310 3629 speo-

157 3639 261 3705 tantia
287 3640 320 3705 in
349 3639 410 3706 hac
443 3660 561 3709 scaena
589 3644 779 3727 legerentur.
829 3647 961 3713 Praeter
989 3645 1182 3731 exemplaris
1211 3645 1311 3712 fidem

156 3740 307 3808 Plautum
339 3740 420 3809 nihil
453 3743 610 3813 adiecisse
641 3745 704 3812 nisi
736 3765 847 3814 uersus
875 3749 1045 3812 941-944
1075 3752 1108 3813 et
1129 3749 1310 3815 ato—978.

133 3982 135 3987 ·
229 3978 253 4039 1)
270 3973 386 4029 Reddidi
395 3975 484 4030 Seruii
492 3978 577 4032 uerba
585 3991 619 4032 cx
627 3978 661 4032 H.
672 3979 704 4032 A.
714 3977 805 4034 Licnii
814 3979 928 4036 editione
938 3979 1082 4050 Gottingae
1092 3979 1223 4036 emmena.
1235 3985 1312 4037 1816.

226 4061 253 4124 2)
271 4057 383 4115 Dehas
400 4075 430 4116 re
447 4060 510 4116 uide
527 4061 720 4132 Kiesslingium
735 4065 815 4120 Anel.
832 4065 921 4122 Plaut.
939 4082 967 4135 p.
983 4070 1022 4121 16.
