2940 5144
361 831 403 884 De
419 829 586 884 Bacchidem
604 828 747 885 Plautinae
765 830 959 885 retractatione
977 831 1110 886 scaenica.
1247 831 1309 892 133

155 1003 261 1065 saliam
282 1004 427 1063 abaciaco
450 999 518 1081 boa,
542 1017 614 1064 cum
631 998 712 1064 nihil
733 996 823 1063 aliud
837 998 1011 1083 chrysalus
1034 1000 1140 1071 dicere
1162 1001 1313 1072 uideatur

158 1123 255 1184 qaam
276 1103 353 1166 hoe:
382 1098 454 1161 idae
483 1097 628 1160 audaci
648 1097 816 1183 qaedam
838 1100 1010 1161 coasilia
1040 1105 1186 1166 00011000
1212 1125 1311 1187 prce·

158 1203 231 1263 dam
246 1201 309 1263 illic
322 1198 581 1283 praeripiendam
603 1219 670 1261 esse
691 1198 849 1264 intelleai:
871 1199 905 1264 in
928 1198 988 1266 hoc
1011 1201 1140 1281 quidem
1162 1205 1233 1271 loco
1255 1226 1309 1271 ne·

160 1301 278 1368 minem
301 1320 394 1386 spero
418 1299 705 1367 deretraetatione
727 1300 875 1366 scaenica
901 1291 1115 1386 suspicionem
1142 1309 1310 1373 moturum.

244 1402 340 1469 Haud
362 1422 454 1468 secus
476 1421 528 1468 res
551 1406 736 1485 comparata
758 1402 861 1468 estin
883 1422 912 1468 u.
929 1406 1007 1485 307,
1036 1402 1070 1469 in
1093 1424 1156 1486 quo
1180 1405 1309 1486 quidem

160 1504 224 1569 iam
253 1503 454 1572 offenderunt
483 1508 516 1569 et
544 1501 678 1569 Bothius
707 1507 740 1568 et
769 1501 927 1587 Bergkius
954 1503 1079 1587 (Diurn.
1103 1505 1202 1588 antiq.
1225 1507 1309 1573 stud.

159 1609 287 1671 a.1850
310 1628 341 1690 p.
359 1604 446 1689 331).
489 1603 543 1669 llli
566 1604 649 1670 enim
672 1623 743 1670 eum
765 1605 1004 1688 perspexissent
1025 1606 1232 1691 Nicobulum,
1255 1607 1311 1674 ubi

160 1707 366 1791 comperisset
381 1704 580 1772 sacerdotem
596 1722 667 1771 esse
682 1705 885 1772 Theotimum
899 1706 1026 1773 Dianae
1040 1707 1212 1793 Ephesiae,
1231 1708 1313 1775 satis

158 1808 267 1891 inepte
288 1827 319 1871 a.
342 1810 403 1872 308
425 1805 567 1886 generali
593 1806 639 1871 uti
668 1807 843 1886 quaerendi
872 1808 1009 1874 formula
1036 1809 1111 1875 hac:
1143 1808 1219 1889 Quis
1240 1812 1314 1873 actia

164 1906 427 1991 Tleoamasttq,
449 1907 613 1989 utriusque
635 1907 785 1974 uersiculi
806 1908 916 1976 sedem
939 1917 1221 1978 commutauerunt.
1254 1912 1312 1977 At-

160 2010 214 2091 qui
230 2008 323 2074 tarda
340 2009 401 2074 hoc
423 2007 518 2073 modo
541 2005 651 2073 euadit
673 2007 807 2074 duarum
830 2011 1082 2078 enuntiationum
1104 2012 1312 2079 relatiuamm
1351 2014 1354 2021 ’

160 2110 350 2194 coniugatio.
385 2107 469 2188 Quid
483 2107 602 2192 igitur?
623 2109 708 2174 Num
724 2111 792 2176 ueri
807 2109 962 2176 dissimile
986 2117 1034 2177 est
1055 2112 1197 2178 hiantem
1219 2112 1311 2177 illum

159 2231 287 2278 uersum
302 2230 448 2276 manasse
464 2231 505 2276 ex
520 2209 703 2274 huiusmodi
722 2209 1079 2278 adnotatiuncula:
1100 2214 1250 2276 sacerdos
1265 2221 1315 2274 eat

158 2313 286 2375 Dianae
311 2310 492 2393 Ephesiae?
536 2308 639 2387 Quam
668 2308 798 2391 quidem
826 2310 869 2375 ad
896 2310 1167 2395 interpretandum
1196 2330 1313 2378 nomen

159 2410 399 2495 Mapalobpzffl)
428 2411 460 2475 in
483 2410 626 2494 margine
647 2409 776 2477 adicere
804 2410 946 2477 litterato
976 2412 1083 2478 nescio
1113 2412 1165 2476 cui
1192 2410 1314 2478 homini

159 2512 262 2578 uideri
285 2531 362 2578 sane
383 2516 509 2594 poterat
537 2531 600 2576 non
625 2511 689 2599 abs
717 2532 752 2576 re
781 2530 861 2577 esse.
906 2511 976 2590 Quo
1004 2513 1064 2579 nisi
1092 2512 1166 2578 falsi
1193 2532 1312 2596 sumus,

160 2612 347 2678 eximendus
370 2631 485 2678 rursus
506 2611 562 2676 ille
591 2617 639 2678 est
667 2632 708 2678 ex
738 2632 869 2679 numero
899 2633 1008 2680 eorum
1036 2633 1203 2699 uersuum,
1231 2633 1312 2695 quos

158 2713 352 2780 Ritsohelius
374 2713 455 2780 Nou.
477 2714 556 2780 lixo.
578 2719 746 2797 p.114sq.
770 2713 927 2781 tractauit.

245 2815 310 2880 Sed
333 2818 455 2883 restant
475 2813 550 2878 alia.
594 2813 715 2900 Negari
738 2815 821 2882 enim
844 2837 907 2884 non
929 2822 1034 2903 potest
1056 2838 1107 2884 ua.
1124 2821 1184 2883 337
1198 2837 1269 2900 sqq.
1293 2839 1312 2885 e

159 2916 304 2982 uersibus
320 2919 489 2981 331-334
499 2915 526 3000 3)
545 2917 660 3001 potius,
683 2936 778 2998 quam
794 2937 836 2984 ex
852 2918 976 2986 duobus
990 2920 1066 3005 illis,
1088 2920 1144 3005 qui
1165 2920 1198 2986 in
1219 2920 1311 2986 libris

157 3016 371 3102 praecedant,
396 3016 569 3084 nectendas
591 3018 699 3085 fuisse.
743 3019 829 3104 Ergo
851 3039 964 3086 uersus
987 3026 1059 3088 335.
1082 3025 1162 3104 336,
1185 3041 1257 3087 cum
1280 3026 1312 3086 et

158 3199 363 3267 0131911111),
382 3215 471 3270 quam,
490 3200 688 3270 quodBothius
704 3206 732 3253 et
745 3201 902 3255 Hermanno
922 3207 949 3254 et
961 3201 1109 3256 Ritschelio
1128 3202 1263 3268 probauit,
1282 3207 1313 3256 ut

155 3284 214 3352 ipse
231 3285 389 3339 exanimum
412 3299 441 3338 10
458 3283 569 3350 pauisse
591 3286 686 3337 narret
703 3282 860 3352 Chrysalus,
884 3290 911 3337 01
932 3282 1071 3338 lenissima
1093 3282 1198 3337 medela
1221 3297 1312 3337 emcn-

157 3369 257 3431 datum,
276 3369 299 3421 11
316 3367 417 3420 tradita
434 3365 570 3432 scriptura
587 3382 619 3419 co
637 3367 812 3420 exanimatas
830 3369 871 3429 (aa
889 3382 927 3418 aaa
942 3368 1080 3420 animatas
1096 3366 1130 3430 Β)
1148 3381 1163 3419 0
1180 3365 1311 3433 dittogra-

156 3452 222 3519 phia
239 3450 355 3504 uoculae
373 3465 403 3502 ea
423 3447 539 3501 oriunda
557 3448 670 3514 alonge
688 3447 864 3502 usitatissimo
880 3447 997 3502 librariis
1009 3449 1141 3517 peccandi
1153 3464 1251 3518 genere
1268 3465 1311 3506 re-

156 3535 274 3602 petetur.
304 3531 429 3584 Ceterum
448 3529 482 3584 cf.
501 3529 708 3584 Fleckeisenum
726 3530 796 3584 Nou.
812 3531 902 3584 annal.
920 3535 984 3585 161
1005 3537 1039 3598 (1.
1055 3537 1131 3598 1811)
1148 3550 1174 3603 p.
1188 3539 1220 3587 41
1240 3537 1310 3591 conl.

157 3612 1160 3684 1111001011.ρ.601001.1115,1001Μο0101111Ρ101.Ρ1.ρ.313.
1189 3617 1311 3689 Guyctus
1412 3673 1416 3677 .

157 3704 245 3754 totum
263 3711 372 3750 uersum
389 3687 565 3764 expunxerat,
583 3712 638 3751 nou
656 3697 714 3750 sine
730 3699 808 3766 graui
826 3699 976 3754 sententiae
994 3700 1161 3757 detrimento.
1360 3717 1365 3724 ·

248 3785 269 3847 1)
288 3781 350 3849 qais
366 3795 417 3847 pro
436 3780 485 3847 qai
507 3779 591 3845 (liba,
616 3780 735 3847 Ritsch.‚
752 3782 857 3849 Fleck.)
879 3784 1020 3851 praeclara
1043 3785 1136 3839 iudicii
1159 3785 1311 3842 subtilitate

159 3879 225 3919 usus
238 3862 379 3925 substituit
390 3863 575 3918 Hermannus:
595 3865 675 3918 unice
686 3866 753 3921 illud
767 3865 912 3922 conuenire
923 3869 985 3923 usui
997 3868 1123 3924 Plautino
1138 3871 1310 3938 postmodum

159 3947 288 4016 exemplis
307 3948 478 4002 confirmauit
497 3946 642 4016 Seyffertus
661 3948 737 4004 Stud.
755 3950 797 4004 Pl.
815 3967 841 4020 p.
862 3954 892 4005 21
912 3952 975 4006 adn.
994 3956 1036 4007 20.

244 4036 270 4095 1)
288 4031 331 4085 De
347 4031 400 4085 hcc
417 4031 470 4085 uid.
489 4030 632 4085 Ritschelii
646 4033 764 4102 Parerga
781 4051 808 4102 p.
821 4039 871 4088 406
880 4050 938 4104 sqq.
959 4037 1027 4091 conl.
1048 4037 1148 4106 Opusc.
1160 4037 1201 4092 III
1218 4056 1245 4110 p.
1259 4045 1310 4095 323

160 4123 186 4172 et
198 4115 350 4170 Fritzschio
362 4115 417 4170 ind.
429 4115 558 4170 Raetoch.
571 4131 596 4169 a.
611 4118 719 4183 1841146
736 4134 763 4186 p.
777 4124 806 4170 5:
824 4118 1125 4189 librorumscripturae
1141 4120 1312 4193 Mepalobaii
1414 4137 1419 4150 ‘

160 4200 340 4271 patrocinium
359 4199 481 4269 suscepit
498 4200 631 4267 Berghius
648 4201 665 4253 l.
685 4217 707 4255 1,
742 4203 851 4270 Anceps
870 4203 989 4271 Ussingii
1006 4207 1049 4257 011
1066 4206 1208 4258 sententia.

244 4290 270 4351 3)
287 4285 440 4340 Fatendum
458 4289 499 4340 est
516 4284 596 4337 etism
614 4285 703 4353 aptius
721 4285 858 4353 aliquanto
875 4287 937 4341 illos
955 4287 1046 4340 statim
1069 4290 1231 4355 excepturos
1249 4305 1310 4346 esse

160 4385 268 4425 uersum
286 4373 344 4424 331.
380 4371 421 4425 Αο
439 4385 473 4424 ne
490 4385 535 4423 uu.
555 4372 612 4423 333.
633 4373 682 4423 334
700 4369 807 4438 quidem
823 4385 986 4439 magnopere
1004 4369 1232 4438 desideraremus,
1257 4375 1310 4429 nisi
1335 4412 1336 4416 ,

158 4455 326 4509 luculentum
338 4454 391 4508 illis
409 4454 573 4524 praesidium
591 4459 716 4521 paratum
734 4459 805 4508 esset
822 4471 840 4509 a
857 4453 1008 4509 rationibus
1026 4458 1060 4508 ex
1077 4453 1190 4507 historia
1207 4458 1311 4526 petitis,

160 4556 227 4610 quas
246 4541 324 4596 docte
342 4539 467 4609 exposuit
483 4537 652 4606 Ladeuigius
669 4538 765 4593 Philol.
785 4540 803 4592 t.
817 4537 896 4595 XVII
913 4555 940 4607 p.
955 4542 1013 4592 161.
1040 4605 1044 4609 ,
