2940 5144
157 226 196 288 80
557 226 734 281 Gualtharius
752 226 924 282 Brachmenn

154 401 213 466 Fr.
236 397 455 464 Schmidtii
485 398 700 483 disputatione
728 397 1003 479 Uuterructmupcn
1030 398 1114 463 ibor
1142 398 1211 465 deu
1232 400 1308 467 utu
1382 390 1386 401 ’

159 501 326 565 Gloriosus
348 501 402 561 dus
424 500 560 561 Plautus
589 501 757 584 inscripta,
787 520 868 581 quae
898 500 1013 583 legitur
1042 501 1078 567 in
1102 500 1196 569 Nou.
1217 502 1305 571 eund

156 603 265 689 philol.
281 603 384 687 suppl.
407 603 469 669 uol.
486 602 533 667 lX
555 622 585 685 p.
602 605 765 665 :att-401
785 604 824 681 ¹):
853 608 962 667 contra
984 601 1027 681 id,
1055 603 1151 687 qnod
1176 608 1307 673 uerunt

157 706 189 772 in
214 704 434 770 examinandis
457 702 692 770 retractationis
714 704 891 770 minutioris
914 703 1076 787 uestigiis,
1108 724 1182 772 non
1212 694 1317 791 ιιιιιιΙΙ

157 827 264 875 curam
288 814 454 891 expertum
478 813 535 871 est.
581 804 706 869 Etenim
730 822 834 888 neque
856 811 955 870 artem
986 804 1133 871 criticam
1169 824 1309 893 que‘p!

158 915 207 975 est
229 907 510 990 circumspectione
533 926 681 971 exercere
704 924 807 986 neque
829 906 913 973 inter
935 907 1182 993 dittographias
1205 914 1309 979 aa*

157 1012 277 1077 tatione
292 1008 472 1073 fabularum
492 1006 639 1072 scaenica
661 1014 747 1073 ortas
770 1014 802 1072 et
823 1008 897 1073 illos
920 1012 1050 1092 pannos,
1074 1010 1205 1093 quibus
1226 1010 1310 1079 llltn·

156 1113 273 1178 riorum
297 1108 640 1191 grammaticorumque
662 1108 730 1173 siue
752 1109 927 1175 mediocria
948 1111 1015 1177 siue
1038 1110 1160 1195 putida
1190 1112 1311 1197 ingenia

157 1214 256 1279 libros
278 1211 443 1275 Plautinos
466 1210 754 1294 amplifieauerunt,
785 1211 954 1277 discrimen
976 1212 1054 1278 satis
1082 1222 1246 1283 accurate
1266 1216 1311 1283 olt-

158 1332 287 1380 seruare
314 1310 500 1377 Adolfum
525 1312 819 1397 Kiesslingium
850 1313 944 1381 uideo
973 1314 1006 1378 in
1028 1314 1202 1379 Anuteetr’r
1225 1316 1312 1395 ΡΙ*

158 1417 246 1495 onis,
279 1432 361 1495 quae
383 1414 548 1497 praemisit
569 1413 669 1479 Indici
699 1414 878 1480 scholarum
909 1421 986 1483 aest.
1011 1408 1314 1500 Gryphiswatdefl

159 1539 187 1584 a.
208 1520 298 1582 1878.
332 1515 396 1581 Ubi
412 1535 482 1580 cum
506 1514 580 1581 duo
605 1515 944 1582 exBacchidibus
967 1518 1178 1604 exempla,
1203 1504 1328 1605 quibss¹

160 1618 332 1702 conspicua
354 1625 438 1683 esset
460 1619 639 1700 iruportuuu
661 1616 846 1678 histrionum
869 1617 1010 1703 licentia,
1034 1624 1269 1704 temptauerit:
1288 1622 1316 1689 ll

160 1722 270 1802 altero,
294 1718 379 1800 quod
395 1717 574 1782 continetur
588 1717 792 1783 iestiuissimo
812 1720 868 1784 illo
884 1719 1030 1803 Chrysali
1053 1720 1185 1789 cantico
1209 1746 1242 1792 ιι.
1259 1730 1316 1793 stt

159 1825 280 1904 -978,
307 1841 380 1886 num
403 1839 513 1885 uerum
536 1820 592 1884 ille
614 1820 784 1885 adsecutus
807 1820 848 1886 sit
870 1820 981 1887 dedita
1003 1842 1101 1907 opera
1120 1832 1203 1907 post
1224 1846 1317 1911 qnae

158 1943 278 1991 remus:
302 1923 435 1988 alteram
452 1942 610 2004 scaenam,
633 1942 758 1987 summa
775 1929 843 1987 erte
863 1923 1034 1989 enitentem
1057 1924 1146 1991 illam
1174 1928 1318 2013 quidem,

158 2026 191 2091 in
208 2046 271 2107 qua
286 2025 391 2109 posita
406 2028 455 2087 est
471 2022 565 2088 totius
587 2023 717 2090 fabulae
739 2030 774 2089 ut
789 2024 976 2090 Aristoteles
1000 2025 1076 2091 dicit
1098 2032 1318 2117 περιπέτεω,

159 2127 201 2192 ab
224 2126 405 2191 hominibus
429 2125 531 2191 doctis
553 2125 641 2190 miris
663 2126 824 2207 uariisque
847 2128 1033 2209 commentis
1057 2126 1188 2210 pridem
1220 2153 1319 2201 ιιοιι-
1346 2156 1349 2163 ·

159 2235 241 2310 tam,
272 2226 333 2292 hoo
356 2227 425 2291 loco
448 2262 490 2271 —
513 2226 682 2291 eximenda
710 2227 794 2292 enim
822 2247 930 2293 rursus
956 2233 1005 2293 est
1027 2248 1044 2293 e
1066 2234 1321 2303 retractaturus!

82 2404 88 2413 Ι
157 2347 304 2410 numero,
338 2345 400 2407 quo
432 2326 562 2393 Osunno
593 2335 766 2411 praeeunte
796 2330 1009 2414 Kiesslingius
1039 2350 1215 2414 perperam
1246 2356 1320 2405 earn

158 2429 280 2494 rettulit
303 2429 477 2512 —paucis
500 2430 594 2494 liceat
616 2430 791 2513 illustrare,
820 2431 847 2496 si
870 2434 951 2497 forte
973 2431 1042 2497 fieri
1064 2432 1184 2519 possit,
1217 2443 1256 2505 ut
1277 2436 1321 2507 nd

160 2551 231 2596 eam
254 2529 370 2595 rectius
392 2517 639 2614 intellegendam
662 2533 827 2615 paululum
851 2534 1057 2622 conferamus.

454 2784 700 2852 Bacchidum
729 2787 934 2871 specimen
964 2786 1018 2852 111.

637 2911 683 2953 Aet.
698 2908 726 2952 lll
746 2923 779 2953 se.
795 2913 817 2952 l.

243 3023 262 3100 ξ
289 3025 335 3086 15.
374 3021 444 3087 Hoc
458 3020 485 3085 si
504 3031 589 3089 recte
612 3023 799 3107 intellegere
821 3024 870 3089 uis
886 3023 1073 3091 Mnesilochi
1094 3025 1318 3115 soliloquium,

158 3122 239 3223 haec
254 3120 317 3188 duo
332 3122 484 3206 primaria
499 3127 609 3188 teneas
628 3132 768 3208 oportet:
791 3127 937 3211 primum,
961 3124 1046 3207 quod
1068 3125 1101 3191 in
1123 3132 1318 3212 perturbato

159 3222 296 3289 amantis
318 3223 425 3288 animo
447 3222 493 3287 ita
514 3222 743 3292 immoderatus
764 3228 915 3310 pristinus
937 3249 1027 3295 amor
1049 3247 1119 3293 eum
1146 3229 1239 3297 noua‘
1264 3252 1318 3303 aa·

158 3325 301 3408 spicicne
320 3329 417 3404 atque
439 3322 488 3387 ira
510 3323 746 3403 quodammodo
770 3328 918 3414 confligit,
941 3336 977 3396 ut
997 3329 1066 3414 ipse
1087 3331 1120 3395 in
1142 3334 1317 3419 utramque
1348 3316 1352 3327 ¹

157 3426 294 3491 inuicem
310 3432 435 3507 partem
449 3424 568 3489 inuitus
583 3426 739 3510 rapiatur:
763 3437 839 3513 tum,
856 3431 941 3512 quod
956 3430 1030 3498 inde
1046 3452 1067 3497 a
1081 3451 1111 3496 u.
1128 3435 1201 3516 509,
1224 3442 1317 3519 post·

160 3544 256 3607 quam
278 3525 347 3607 ipse
369 3524 589 3591 conturbatam
612 3536 749 3595 mentem
772 3531 814 3599 ad
843 3534 999 3600 rationem
1027 3532 1207 3616 reuocauit,
1235 3528 1316 3621 iam,
1361 3612 1365 3619 Ι

248 3712 270 3773 t)
287 3706 489 3775 Longiusculae
502 3712 734 3768 commentationis
746 3731 877 3771 summam
889 3716 972 3772 habes
990 3732 1017 3786 p.
1032 3720 1089 3770 390.
1117 3715 1237 3785 Easdem
1255 3718 1318 3777 iere
1361 3704 1367 3711 ’

159 3808 203 3847 res
219 3798 300 3847 antea
318 3797 520 3860 temptauerunt
530 3795 674 3854 Lorentius
690 3799 718 3854 in
730 3802 926 3870 prolegomenis
946 3800 1136 3856 commentario
1155 3801 1184 3854 in
1195 3799 1319 3861 Militem

159 3876 286 4026 (Glolrdzga).
305 3880 380 4015 Ιὸἶὶὲ)
398 3877 552 4016 {imm
569 3899 595 3951 p.
610 3888 719 3951 36-44,
737 3891 820 3956 atque
837 3886 928 3941 itidem
942 3886 1051 3941 Brixius
1065 3885 1151 3957 praet.
1163 3885 1222 3939 Mil.
1236 3887 1317 3945 Glor.

169 3975 193 4014 a.
298 3977 324 4030 p.
369 3991 400 4003 -
436 4001 443 4015 .
