<?xml version="1.0" encoding="UTF-8"?>
<!DOCTYPE html PUBLIC "-//W3C//DTD XHTML 1.0 Transitional//EN"
    "http://www.w3.org/TR/xhtml1/DTD/xhtml1-transitional.dtd">
<html xmlns="http://www.w3.org/1999/xhtml" xml:lang="en" lang="en">
 <head>
  <title>
</title>
<meta http-equiv="Content-Type" content="text/html;charset=utf-8" />
  <meta name='ocr-system' content='tesseract 3.04.00' />
  <meta name='ocr-capabilities' content='ocr_page ocr_carea ocr_par ocr_line ocrx_word'/>
</head>
<body>
  <div class='ocr_page' id='page_1' title='image "./debacchidumplau01bracgoog_0023.png"; bbox 0 0 2940 5144; ppageno 0'>
   <div class='ocr_carea' id='block_1_1' title="bbox 222 339 991 404">
    <p class='ocr_par' dir='ltr' id='par_1_1' title="bbox 222 339 991 404">
     <span class='ocr_line' id='line_1_1' title="bbox 222 339 991 404; baseline 0.005 -12"><span class='ocrx_word' id='word_1_1' title='bbox 222 344 264 404; x_wconf 74' lang='lat'>70</span> <span class='ocrx_word' id='word_1_2' title='bbox 624 339 801 395; x_wconf 80' lang='lat' dir='ltr'>Gualthcrius</span> <span class='ocrx_word' id='word_1_3' title='bbox 818 340 991 396; x_wconf 80' lang='lat' dir='ltr'>Brachmsnn</span> 
     </span>
    </p>
   </div>
   <div class='ocr_carea' id='block_1_2' title="bbox 221 496 1377 1207">
    <p class='ocr_par' dir='ltr' id='par_1_2' title="bbox 221 496 1377 1207">
     <span class='ocr_line' id='line_1_2' title="bbox 221 496 1377 598; baseline -0.002 -14"><span class='ocrx_word' id='word_1_4' title='bbox 221 518 256 585; x_wconf 93' lang='lat' dir='ltr'>in</span> <span class='ocrx_word' id='word_1_5' title='bbox 272 521 338 582; x_wconf 87' lang='lat' dir='ltr'>toto</span> <span class='ocrx_word' id='word_1_6' title='bbox 353 514 410 580; x_wconf 95' lang='lat' dir='ltr'>illo</span> <span class='ocrx_word' id='word_1_7' title='bbox 428 513 509 594; x_wconf 90' lang='lat' dir='ltr'>loco,</span> <span class='ocrx_word' id='word_1_8' title='bbox 532 511 586 596; x_wconf 94' lang='lat' dir='ltr'>qui</span> <span class='ocrx_word' id='word_1_9' title='bbox 610 517 659 578; x_wconf 92' lang='lat' dir='ltr'>est</span> <span class='ocrx_word' id='word_1_10' title='bbox 681 510 722 577; x_wconf 90' lang='lat' dir='ltr'>dc</span> <span class='ocrx_word' id='word_1_11' title='bbox 745 496 904 579; x_wconf 89' lang='lat' dir='ltr'>educandi</span> <span class='ocrx_word' id='word_1_12' title='bbox 926 514 1057 595; x_wconf 87' lang='lat' dir='ltr'>antiqua</span> <span class='ocrx_word' id='word_1_13' title='bbox 1080 514 1212 595; x_wconf 90' lang='lat' dir='ltr'>ratione,</span> <span class='ocrx_word' id='word_1_14' title='bbox 1236 520 1270 579; x_wconf 90' lang='lat' dir='ltr'>ut</span> <span class='ocrx_word' id='word_1_15' title='bbox 1291 535 1377 598; x_wconf 88' lang='lat' dir='ltr'>quae</span> 
     </span>
     <span class='ocr_line' id='line_1_3' title="bbox 224 613 1377 700; baseline -0.003 -15"><span class='ocrx_word' id='word_1_16' title='bbox 224 618 363 685; x_wconf 86' lang='lat' dir='ltr'><strong>maxime</strong></span> <span class='ocrx_word' id='word_1_17' title='bbox 377 614 517 700; x_wconf 88' lang='lat' dir='ltr'>genuina</span> <span class='ocrx_word' id='word_1_18' title='bbox 531 633 603 681; x_wconf 89' lang='lat' dir='ltr'>esse</span> <span class='ocrx_word' id='word_1_19' title='bbox 617 613 690 699; x_wconf 90' lang='lat' dir='ltr'>ipsa</span> <span class='ocrx_word' id='word_1_20' title='bbox 705 632 788 695; x_wconf 87' lang='lat' dir='ltr'>quae</span> <span class='ocrx_word' id='word_1_21' title='bbox 803 613 835 679; x_wconf 92' lang='lat' dir='ltr'>in</span> <span class='ocrx_word' id='word_1_22' title='bbox 850 615 956 698; x_wconf 91' lang='lat' dir='ltr'>rebus,</span> <span class='ocrx_word' id='word_1_23' title='bbox 979 615 1096 698; x_wconf 78' lang='lat' dir='ltr'>uerbis,</span> <span class='ocrx_word' id='word_1_24' title='bbox 1119 616 1259 683; x_wconf 86' lang='lat' dir='ltr'>numeris</span> <span class='ocrx_word' id='word_1_25' title='bbox 1277 618 1377 683; x_wconf 86' lang='lat' dir='ltr'>enitet</span> 
     </span>
     <span class='ocr_line' id='line_1_4' title="bbox 223 715 1376 800; baseline -0.003 -13"><span class='ocrx_word' id='word_1_26' title='bbox 223 739 348 787; x_wconf 89' lang='lat' dir='ltr'>summa</span> <span class='ocrx_word' id='word_1_27' title='bbox 370 737 422 782; x_wconf 87' lang='lat' dir='ltr'>ars</span> <span class='ocrx_word' id='word_1_28' title='bbox 445 716 588 799; x_wconf 89' lang='lat' dir='ltr'>satisque</span> <span class='ocrx_word' id='word_1_29' title='bbox 618 715 735 783; x_wconf 81' lang='lat' dir='ltr'>festiue</span> <span class='ocrx_word' id='word_1_30' title='bbox 764 717 927 800; x_wconf 75' lang='lat' dir='ltr'>elegantia</span> <span class='ocrx_word' id='word_1_31' title='bbox 955 717 1145 791; x_wconf 85' lang='lat' dir='ltr'>documento</span> <span class='ocrx_word' id='word_1_32' title='bbox 1176 723 1240 799; x_wconf 91' lang='lat' dir='ltr'>est,</span> <span class='ocrx_word' id='word_1_33' title='bbox 1270 737 1376 799; x_wconf 91' lang='lat' dir='ltr'>neque</span> 
     </span>
     <span class='ocr_line' id='line_1_5' title="bbox 222 816 1375 905; baseline -0.001 -18"><span class='ocrx_word' id='word_1_34' title='bbox 222 822 322 888; x_wconf 91' lang='lat' dir='ltr'>ullum</span> <span class='ocrx_word' id='word_1_35' title='bbox 343 824 511 905; x_wconf 90' lang='lat' dir='ltr'>praeterea</span> <span class='ocrx_word' id='word_1_36' title='bbox 533 816 704 899; x_wconf 77' lang='lat' dir='ltr'>uestigium</span> <span class='ocrx_word' id='word_1_37' title='bbox 726 823 833 885; x_wconf 86' lang='lat' dir='ltr'>exstat</span> <span class='ocrx_word' id='word_1_38' title='bbox 856 817 992 903; x_wconf 89' lang='lat' dir='ltr'>duplicis</span> <span class='ocrx_word' id='word_1_39' title='bbox 1014 819 1216 886; x_wconf 86' lang='lat' dir='ltr'>recensionis.</span> <span class='ocrx_word' id='word_1_40' title='bbox 1261 820 1375 900; x_wconf 90' lang='lat' dir='ltr'>ltaque</span> 
     </span>
     <span class='ocr_line' id='line_1_6' title="bbox 222 917 1374 1008; baseline -0.003 -18"><span class='ocrx_word' id='word_1_41' title='bbox 222 923 383 1008; x_wconf 81' lang='lat' dir='ltr'>Guyetum</span> <span class='ocrx_word' id='word_1_42' title='bbox 405 917 511 986; x_wconf 89' lang='lat' dir='ltr'>iudico</span> <span class='ocrx_word' id='word_1_43' title='bbox 534 919 626 984; x_wconf 91' lang='lat' dir='ltr'>unice</span> <span class='ocrx_word' id='word_1_44' title='bbox 647 938 758 985; x_wconf 91' lang='lat' dir='ltr'>uerum</span> <span class='ocrx_word' id='word_1_45' title='bbox 777 921 990 1004; x_wconf 76' lang='lat' dir='ltr'>perspexisse,</span> <span class='ocrx_word' id='word_1_46' title='bbox 1017 940 1208 1003; x_wconf 90' lang='lat' dir='ltr'>uersumque</span> <span class='ocrx_word' id='word_1_47' title='bbox 1231 921 1374 1004; x_wconf 91' lang='lat' dir='ltr'>spurium</span> 
     </span>
     <span class='ocr_line' id='line_1_7' title="bbox 221 1019 1374 1107; baseline -0.005 -14"><span class='ocrx_word' id='word_1_48' title='bbox 221 1033 254 1093; x_wconf 90' lang='lat' dir='ltr'>et</span> <span class='ocrx_word' id='word_1_49' title='bbox 275 1024 436 1090; x_wconf 88' lang='lat' dir='ltr'>inficetum</span> <span class='ocrx_word' id='word_1_50' title='bbox 459 1019 501 1085; x_wconf 93' lang='lat' dir='ltr'>ad</span> <span class='ocrx_word' id='word_1_51' title='bbox 523 1019 765 1087; x_wconf 91' lang='lat' dir='ltr'>similitudinem</span> <span class='ocrx_word' id='word_1_52' title='bbox 796 1020 924 1102; x_wconf 86' lang='lat' dir='ltr'>quidem</span> <span class='ocrx_word' id='word_1_53' title='bbox 954 1040 1065 1087; x_wconf 91' lang='lat' dir='ltr'>uersus</span> <span class='ocrx_word' id='word_1_54' title='bbox 1089 1025 1144 1105; x_wconf 83' lang='lat'>56,</span> <span class='ocrx_word' id='word_1_55' title='bbox 1173 1030 1209 1088; x_wconf 92' lang='lat' dir='ltr'>ut</span> <span class='ocrx_word' id='word_1_56' title='bbox 1236 1021 1374 1107; x_wconf 85' lang='lat' dir='ltr'>uidetur,</span> 
     </span>
     <span class='ocr_line' id='line_1_8' title="bbox 222 1121 880 1207; baseline -0.006 -14"><span class='ocrx_word' id='word_1_57' title='bbox 222 1126 389 1193; x_wconf 86' lang='lat' dir='ltr'>confictum</span> <span class='ocrx_word' id='word_1_58' title='bbox 411 1121 638 1207; x_wconf 87' lang='lat' dir='ltr'>expellendum</span> <span class='ocrx_word' id='word_1_59' title='bbox 661 1121 752 1190; x_wconf 88' lang='lat' dir='ltr'>duco.</span> <span class='ocrx_word' id='word_1_60' title='bbox 874 1137 880 1145; x_wconf 82' lang='grc'><em>“</em></span> 
     </span>
    </p>
   </div>
   <div class='ocr_carea' id='block_1_3' title="bbox 691 1276 895 1286">
    <p class='ocr_par' dir='ltr' id='par_1_3' title="bbox 691 1276 895 1286">
     <span class='ocr_line' id='line_1_9' title="bbox 691 1276 895 1286; baseline 0.005 -1"><span class='ocrx_word' id='word_1_61' title='bbox 691 1276 895 1286; x_wconf 76' lang='grc'>---.</span> 
     </span>
    </p>
   </div>
   <div class='ocr_carea' id='block_1_4' title="bbox 177 1357 1375 3983">
    <p class='ocr_par' dir='ltr' id='par_1_4' title="bbox 177 1357 1375 3252">
     <span class='ocr_line' id='line_1_10' title="bbox 306 1357 1371 1443; baseline 0.003 -19"><span class='ocrx_word' id='word_1_62' title='bbox 306 1364 326 1442; x_wconf 65' lang='lat'>5</span> <span class='ocrx_word' id='word_1_63' title='bbox 349 1364 377 1426; x_wconf 83' lang='lat'>9.</span> <span class='ocrx_word' id='word_1_64' title='bbox 411 1360 480 1425; x_wconf 87' lang='lat' dir='ltr'>Iam</span> <span class='ocrx_word' id='word_1_65' title='bbox 502 1359 573 1443; x_wconf 96' lang='lat' dir='ltr'>ipse</span> <span class='ocrx_word' id='word_1_66' title='bbox 594 1357 832 1425; x_wconf 84' lang='lat' dir='ltr'>Fridericus</span> <span class='ocrx_word' id='word_1_67' title='bbox 854 1358 1121 1443; x_wconf 89' lang='lat' dir='ltr'>Ritschelius,</span> <span class='ocrx_word' id='word_1_68' title='bbox 1145 1381 1218 1427; x_wconf 90' lang='lat' dir='ltr'>cum</span> <span class='ocrx_word' id='word_1_69' title='bbox 1240 1361 1371 1427; x_wconf 89' lang='lat' dir='ltr'>Bacchi·</span> 
     </span>
     <span class='ocr_line' id='line_1_11' title="bbox 221 1459 1372 1548; baseline 0 -19"><span class='ocrx_word' id='word_1_70' title='bbox 221 1464 297 1529; x_wconf 93' lang='lat' dir='ltr'>dum</span> <span class='ocrx_word' id='word_1_71' title='bbox 319 1460 537 1529; x_wconf 83' lang='lat' dir='ltr'>recensionem</span> <span class='ocrx_word' id='word_1_72' title='bbox 559 1479 642 1525; x_wconf 87' lang='lat' dir='ltr'>anno</span> <span class='ocrx_word' id='word_1_73' title='bbox 669 1463 748 1524; x_wconf 82' lang='lat'>1849</span> <span class='ocrx_word' id='word_1_74' title='bbox 771 1459 961 1545; x_wconf 89' lang='lat' dir='ltr'>institueret,</span> <span class='ocrx_word' id='word_1_75' title='bbox 982 1462 1143 1529; x_wconf 84' lang='lat' dir='ltr'>nonnullis</span> <span class='ocrx_word' id='word_1_76' title='bbox 1165 1463 1244 1528; x_wconf 89' lang='lat' dir='ltr'>locis</span> <span class='ocrx_word' id='word_1_77' title='bbox 1266 1469 1372 1548; x_wconf 88' lang='lat' dir='ltr'>poste·</span> 
     </span>
     <span class='ocr_line' id='line_1_12' title="bbox 221 1561 1372 1646; baseline -0.003 -15"><span class='ocrx_word' id='word_1_78' title='bbox 221 1564 313 1633; x_wconf 86' lang='lat' dir='ltr'>rioris</span> <span class='ocrx_word' id='word_1_79' title='bbox 335 1561 499 1629; x_wconf 88' lang='lat' dir='ltr'>cuiusdam</span> <span class='ocrx_word' id='word_1_80' title='bbox 522 1566 637 1645; x_wconf 87' lang='lat' dir='ltr'>poetae</span> <span class='ocrx_word' id='word_1_81' title='bbox 658 1561 759 1646; x_wconf 88' lang='lat' dir='ltr'>ipsius</span> <span class='ocrx_word' id='word_1_82' title='bbox 781 1580 909 1644; x_wconf 89' lang='lat' dir='ltr'>quoque</span> <span class='ocrx_word' id='word_1_83' title='bbox 932 1562 1006 1629; x_wconf 93' lang='lat' dir='ltr'>boni</span> <span class='ocrx_word' id='word_1_84' title='bbox 1033 1566 1065 1629; x_wconf 92' lang='lat' dir='ltr'>et</span> <span class='ocrx_word' id='word_1_85' title='bbox 1093 1564 1216 1645; x_wconf 80' lang='lat' dir='ltr'>antiqui</span> <span class='ocrx_word' id='word_1_86' title='bbox 1244 1584 1372 1630; x_wconf 89' lang='lat' dir='ltr'>manum</span> 
     </span>
     <span class='ocr_line' id='line_1_13' title="bbox 220 1663 1372 1751; baseline -0.002 -19"><span class='ocrx_word' id='word_1_87' title='bbox 220 1664 368 1749; x_wconf 84' lang='lat' dir='ltr'>agnouit,</span> <span class='ocrx_word' id='word_1_88' title='bbox 397 1663 593 1744; x_wconf 89' lang='lat' dir='ltr'>reliquarum</span> <span class='ocrx_word' id='word_1_89' title='bbox 615 1668 723 1730; x_wconf 87' lang='lat' dir='ltr'>autem</span> <span class='ocrx_word' id='word_1_90' title='bbox 744 1663 778 1728; x_wconf 93' lang='lat' dir='ltr'>in</span> <span class='ocrx_word' id='word_1_91' title='bbox 801 1664 981 1730; x_wconf 89' lang='lat' dir='ltr'>fabularum</span> <span class='ocrx_word' id='word_1_92' title='bbox 1004 1664 1155 1751; x_wconf 77' lang='lat' dir='ltr'>deinceps</span> <span class='ocrx_word' id='word_1_93' title='bbox 1177 1665 1372 1732; x_wconf 90' lang='lat' dir='ltr'>edendarum</span> 
     </span>
     <span class='ocr_line' id='line_1_14' title="bbox 177 1746 1371 1851; baseline 0 -19"><span class='ocrx_word' id='word_1_94' title='bbox 177 1746 187 1767; x_wconf 73' lang='lat'>&#39;</span> <span class='ocrx_word' id='word_1_95' title='bbox 220 1767 348 1851; x_wconf 82' lang='lat' dir='ltr'>negotio</span> <span class='ocrx_word' id='word_1_96' title='bbox 371 1765 445 1830; x_wconf 90' lang='lat' dir='ltr'>dum</span> <span class='ocrx_word' id='word_1_97' title='bbox 469 1773 631 1846; x_wconf 89' lang='lat' dir='ltr'>uersatur,</span> <span class='ocrx_word' id='word_1_98' title='bbox 661 1785 719 1831; x_wconf 89' lang='lat' dir='ltr'>usu</span> <span class='ocrx_word' id='word_1_99' title='bbox 742 1765 845 1848; x_wconf 82' lang='lat' dir='ltr'>magis</span> <span class='ocrx_word' id='word_1_100' title='bbox 876 1766 1041 1851; x_wconf 83' lang='lat' dir='ltr'>magisque</span> <span class='ocrx_word' id='word_1_101' title='bbox 1071 1767 1245 1850; x_wconf 78' lang='lat' dir='ltr'>intellexit,</span> <span class='ocrx_word' id='word_1_102' title='bbox 1275 1788 1371 1850; x_wconf 88' lang='lat' dir='ltr'>quam</span> 
     </span>
     <span class='ocr_line' id='line_1_15' title="bbox 221 1867 1372 1952; baseline 0.001 -18"><span class='ocrx_word' id='word_1_103' title='bbox 221 1869 322 1935; x_wconf 88' lang='lat' dir='ltr'>multa</span> <span class='ocrx_word' id='word_1_104' title='bbox 337 1867 572 1934; x_wconf 77' lang='lat' dir='ltr'>retractationis</span> <span class='ocrx_word' id='word_1_105' title='bbox 594 1868 731 1952; x_wconf 85' lang='lat' dir='ltr'>uestigia</span> <span class='ocrx_word' id='word_1_106' title='bbox 753 1888 823 1934; x_wconf 94' lang='lat' dir='ltr'>cum</span> <span class='ocrx_word' id='word_1_107' title='bbox 846 1867 889 1933; x_wconf 89' lang='lat' dir='ltr'>ad</span> <span class='ocrx_word' id='word_1_108' title='bbox 912 1868 1009 1934; x_wconf 89' lang='lat' dir='ltr'>totius</span> <span class='ocrx_word' id='word_1_109' title='bbox 1031 1869 1165 1936; x_wconf 87' lang='lat' dir='ltr'>alicuius</span> <span class='ocrx_word' id='word_1_110' title='bbox 1187 1868 1372 1935; x_wconf 89' lang='lat' dir='ltr'>comoediae</span> 
     </span>
     <span class='ocr_line' id='line_1_16' title="bbox 220 1967 1369 2054; baseline -0.005 -17"><span class='ocrx_word' id='word_1_111' title='bbox 220 1970 387 2037; x_wconf 91' lang='lat' dir='ltr'>consilium</span> <span class='ocrx_word' id='word_1_112' title='bbox 402 1989 441 2034; x_wconf 85' lang='lat' dir='ltr'>ac</span> <span class='ocrx_word' id='word_1_113' title='bbox 455 1967 697 2053; x_wconf 85' lang='lat' dir='ltr'>dispositionem</span> <span class='ocrx_word' id='word_1_114' title='bbox 719 1969 894 2054; x_wconf 88' lang='lat' dir='ltr'>spectantis</span> <span class='ocrx_word' id='word_1_115' title='bbox 916 1976 983 2037; x_wconf 93' lang='lat' dir='ltr'>tum</span> <span class='ocrx_word' id='word_1_116' title='bbox 1005 1970 1038 2035; x_wconf 91' lang='lat' dir='ltr'>in</span> <span class='ocrx_word' id='word_1_117' title='bbox 1061 1971 1194 2054; x_wconf 83' lang='lat' dir='ltr'>singulis</span> <span class='ocrx_word' id='word_1_118' title='bbox 1216 1969 1294 2036; x_wconf 92' lang='lat' dir='ltr'>locis</span> <span class='ocrx_word' id='word_1_119' title='bbox 1316 1981 1369 2053; x_wconf 82' lang='lat' dir='ltr'>ge-</span> 
     </span>
     <span class='ocr_line' id='line_1_17' title="bbox 219 2069 1370 2155; baseline -0.003 -18"><span class='ocrx_word' id='word_1_120' title='bbox 219 2072 364 2138; x_wconf 92' lang='lat' dir='ltr'>minatim</span> <span class='ocrx_word' id='word_1_121' title='bbox 386 2071 499 2155; x_wconf 90' lang='lat' dir='ltr'>positis</span> <span class='ocrx_word' id='word_1_122' title='bbox 521 2069 712 2154; x_wconf 79' lang='lat' dir='ltr'>conspicuae</span> <span class='ocrx_word' id='word_1_123' title='bbox 739 2072 920 2138; x_wconf 86' lang='lat' dir='ltr'>etiamnunc</span> <span class='ocrx_word' id='word_1_124' title='bbox 949 2077 1127 2139; x_wconf 86' lang='lat' dir='ltr'>exstarent:</span> <span class='ocrx_word' id='word_1_125' title='bbox 1158 2072 1246 2138; x_wconf 90' lang='lat' dir='ltr'>cuius</span> <span class='ocrx_word' id='word_1_126' title='bbox 1274 2071 1370 2154; x_wconf 91' lang='lat' dir='ltr'>inspi-</span> 
     </span>
     <span class='ocr_line' id='line_1_18' title="bbox 219 2170 1370 2257; baseline -0.002 -18"><span class='ocrx_word' id='word_1_127' title='bbox 219 2172 354 2240; x_wconf 89' lang='lat' dir='ltr'>ciendae</span> <span class='ocrx_word' id='word_1_128' title='bbox 375 2178 448 2239; x_wconf 91' lang='lat' dir='ltr'>sunt</span> <span class='ocrx_word' id='word_1_129' title='bbox 469 2171 685 2257; x_wconf 85' lang='lat' dir='ltr'>praelationes</span> <span class='ocrx_word' id='word_1_130' title='bbox 713 2170 756 2236; x_wconf 89' lang='lat' dir='ltr'>ad</span> <span class='ocrx_word' id='word_1_131' title='bbox 779 2173 922 2240; x_wconf 84' lang='lat' dir='ltr'>Stichum</span> <span class='ocrx_word' id='word_1_132' title='bbox 952 2179 983 2240; x_wconf 87' lang='lat' dir='ltr'>et</span> <span class='ocrx_word' id='word_1_133' title='bbox 1009 2174 1139 2240; x_wconf 90' lang='lat' dir='ltr'>Persam</span> <span class='ocrx_word' id='word_1_134' title='bbox 1168 2173 1370 2255; x_wconf 91' lang='lat' dir='ltr'>omniumque</span> 
     </span>
     <span class='ocr_line' id='line_1_19' title="bbox 219 2270 1371 2358; baseline -0.003 -18"><span class='ocrx_word' id='word_1_135' title='bbox 219 2275 360 2341; x_wconf 84' lang='lat' dir='ltr'>maxime</span> <span class='ocrx_word' id='word_1_136' title='bbox 381 2272 516 2353; x_wconf 76' lang='lat' dir='ltr'>insignis</span> <span class='ocrx_word' id='word_1_137' title='bbox 538 2270 581 2337; x_wconf 89' lang='lat' dir='ltr'>ad</span> <span class='ocrx_word' id='word_1_138' title='bbox 598 2270 818 2355; x_wconf 87' lang='lat' dir='ltr'>Mercatorem,</span> <span class='ocrx_word' id='word_1_139' title='bbox 841 2275 896 2339; x_wconf 93' lang='lat' dir='ltr'>ubi</span> <span class='ocrx_word' id='word_1_140' title='bbox 918 2275 1039 2358; x_wconf 91' lang='lat' dir='ltr'>primus</span> <span class='ocrx_word' id='word_1_141' title='bbox 1061 2273 1116 2340; x_wconf 94' lang='lat' dir='ltr'>ille</span> <span class='ocrx_word' id='word_1_142' title='bbox 1139 2276 1233 2340; x_wconf 85' lang='lat' dir='ltr'>certis</span> <span class='ocrx_word' id='word_1_143' title='bbox 1255 2274 1371 2340; x_wconf 88' lang='lat' dir='ltr'>finibus</span> 
     </span>
     <span class='ocr_line' id='line_1_20' title="bbox 219 2370 1372 2458; baseline -0.002 -18"><span class='ocrx_word' id='word_1_144' title='bbox 219 2373 466 2458; x_wconf 87' lang='lat' dir='ltr'>circumscripsit</span> <span class='ocrx_word' id='word_1_145' title='bbox 488 2372 687 2455; x_wconf 84' lang='lat' dir='ltr'>corruptelae</span> <span class='ocrx_word' id='word_1_146' title='bbox 712 2370 793 2436; x_wconf 93' lang='lat' dir='ltr'>illud</span> <span class='ocrx_word' id='word_1_147' title='bbox 821 2393 938 2456; x_wconf 86' lang='lat' dir='ltr'>genus,</span> <span class='ocrx_word' id='word_1_148' title='bbox 969 2376 1055 2456; x_wconf 92' lang='lat' dir='ltr'>quod</span> <span class='ocrx_word' id='word_1_149' title='bbox 1084 2373 1372 2458; x_wconf 84' lang='lat' dir='ltr'>dittographiarum</span> 
     </span>
     <span class='ocr_line' id='line_1_21' title="bbox 219 2472 1375 2560; baseline -0.001 -19"><span class='ocrx_word' id='word_1_150' title='bbox 219 2495 262 2542; x_wconf 86' lang='lat' dir='ltr'>ex</span> <span class='ocrx_word' id='word_1_151' title='bbox 283 2475 355 2560; x_wconf 90' lang='lat' dir='ltr'>ipsa</span> <span class='ocrx_word' id='word_1_152' title='bbox 377 2473 566 2556; x_wconf 88' lang='lat' dir='ltr'>antiquitate</span> <span class='ocrx_word' id='word_1_153' title='bbox 588 2472 833 2557; x_wconf 88' lang='lat' dir='ltr'>repetendarum</span> <span class='ocrx_word' id='word_1_154' title='bbox 856 2476 908 2542; x_wconf 92' lang='lat' dir='ltr'>uel</span> <span class='ocrx_word' id='word_1_155' title='bbox 928 2476 1086 2559; x_wconf 86' lang='lat' dir='ltr'>geminae·</span> <span class='ocrx_word' id='word_1_156' title='bbox 1099 2474 1293 2541; x_wconf 90' lang='lat' dir='ltr'>recensionis</span> <span class='ocrx_word' id='word_1_157' title='bbox 1316 2494 1375 2540; x_wconf 92' lang='lat' dir='ltr'>no·-</span> 
     </span>
     <span class='ocr_line' id='line_1_22' title="bbox 219 2572 1372 2660; baseline -0.003 -17"><span class='ocrx_word' id='word_1_158' title='bbox 219 2576 306 2644; x_wconf 94' lang='lat' dir='ltr'>mine</span> <span class='ocrx_word' id='word_1_159' title='bbox 322 2572 590 2660; x_wconf 86' lang='lat' dir='ltr'>comprehendere</span> <span class='ocrx_word' id='word_1_160' title='bbox 604 2576 653 2641; x_wconf 82' lang='lat' dir='ltr'>ias</span> <span class='ocrx_word' id='word_1_161' title='bbox 670 2574 727 2640; x_wconf 89' lang='lat' dir='ltr'>sit:</span> <span class='ocrx_word' id='word_1_162' title='bbox 750 2595 817 2641; x_wconf 91' lang='lat' dir='ltr'>rem</span> <span class='ocrx_word' id='word_1_163' title='bbox 839 2576 886 2642; x_wconf 87' lang='lat' dir='ltr'>ita</span> <span class='ocrx_word' id='word_1_164' title='bbox 907 2583 1134 2660; x_wconf 89' lang='lat' dir='ltr'>comparatam,</span> <span class='ocrx_word' id='word_1_165' title='bbox 1157 2575 1284 2658; x_wconf 88' lang='lat' dir='ltr'>qualem</span> <span class='ocrx_word' id='word_1_166' title='bbox 1307 2597 1372 2642; x_wconf 91' lang='lat' dir='ltr'>non</span> 
     </span>
     <span class='ocr_line' id='line_1_23' title="bbox 219 2673 1370 2762; baseline -0.002 -18"><span class='ocrx_word' id='word_1_167' title='bbox 219 2677 367 2744; x_wconf 90' lang='lat' dir='ltr'>desinent</span> <span class='ocrx_word' id='word_1_168' title='bbox 390 2695 462 2741; x_wconf 89' lang='lat' dir='ltr'>cum</span> <span class='ocrx_word' id='word_1_169' title='bbox 483 2694 601 2760; x_wconf 82' lang='lat' dir='ltr'>magno</span> <span class='ocrx_word' id='word_1_170' title='bbox 623 2673 787 2743; x_wconf 89' lang='lat' dir='ltr'>doctrinae</span> <span class='ocrx_word' id='word_1_171' title='bbox 808 2677 911 2745; x_wconf 78' lang='lat' dir='ltr'>fructu</span> <span class='ocrx_word' id='word_1_172' title='bbox 933 2676 1061 2762; x_wconf 90' lang='lat' dir='ltr'>penitus</span> <span class='ocrx_word' id='word_1_173' title='bbox 1084 2679 1182 2745; x_wconf 90' lang='lat' dir='ltr'>menti</span> <span class='ocrx_word' id='word_1_174' title='bbox 1207 2678 1370 2758; x_wconf 89' lang='lat' dir='ltr'>mandare,</span> 
     </span>
     <span class='ocr_line' id='line_1_24' title="bbox 220 2775 1370 2862; baseline -0.001 -18"><span class='ocrx_word' id='word_1_175' title='bbox 220 2778 411 2861; x_wconf 91' lang='lat' dir='ltr'>quicumque</span> <span class='ocrx_word' id='word_1_176' title='bbox 425 2776 459 2844; x_wconf 94' lang='lat' dir='ltr'>in</span> <span class='ocrx_word' id='word_1_177' title='bbox 474 2775 535 2842; x_wconf 91' lang='lat' dir='ltr'>hoc</span> <span class='ocrx_word' id='word_1_178' title='bbox 549 2797 667 2862; x_wconf 86' lang='lat' dir='ltr'>genere</span> <span class='ocrx_word' id='word_1_179' title='bbox 688 2775 841 2862; x_wconf 90' lang='lat' dir='ltr'>proficere</span> <span class='ocrx_word' id='word_1_180' title='bbox 863 2780 982 2846; x_wconf 89' lang='lat' dir='ltr'>uolent.</span> <span class='ocrx_word' id='word_1_181' title='bbox 1020 2779 1167 2847; x_wconf 84' lang='lat' dir='ltr'>(ieterum</span> <span class='ocrx_word' id='word_1_182' title='bbox 1189 2779 1275 2846; x_wconf 91' lang='lat' dir='ltr'>idem</span> <span class='ocrx_word' id='word_1_183' title='bbox 1298 2801 1370 2845; x_wconf 92' lang='lat' dir='ltr'>cum</span> 
     </span>
     <span class='ocr_line' id='line_1_25' title="bbox 218 2879 1369 2965; baseline -0.002 -19"><span class='ocrx_word' id='word_1_184' title='bbox 218 2882 323 2962; x_wconf 90' lang='lat' dir='ltr'>latius,</span> <span class='ocrx_word' id='word_1_185' title='bbox 347 2899 443 2963; x_wconf 84' lang='lat' dir='ltr'>quam</span> <span class='ocrx_word' id='word_1_186' title='bbox 458 2885 532 2945; x_wconf 87' lang='lat' dir='ltr'>ante</span> <span class='ocrx_word' id='word_1_187' title='bbox 547 2879 701 2961; x_wconf 88' lang='lat' dir='ltr'>creditum</span> <span class='ocrx_word' id='word_1_188' title='bbox 717 2886 811 2963; x_wconf 91' lang='lat' dir='ltr'>esset,</span> <span class='ocrx_word' id='word_1_189' title='bbox 833 2880 914 2948; x_wconf 92' lang='lat' dir='ltr'>illud</span> <span class='ocrx_word' id='word_1_190' title='bbox 933 2900 1034 2965; x_wconf 83' lang='lat' dir='ltr'>genus</span> <span class='ocrx_word' id='word_1_191' title='bbox 1056 2886 1167 2965; x_wconf 91' lang='lat' dir='ltr'>patere</span> <span class='ocrx_word' id='word_1_192' title='bbox 1189 2881 1369 2965; x_wconf 85' lang='lat' dir='ltr'>perspexis-</span> 
     </span>
     <span class='ocr_line' id='line_1_26' title="bbox 218 2981 1369 3067; baseline -0.003 -19"><span class='ocrx_word' id='word_1_193' title='bbox 218 2987 277 3064; x_wconf 89' lang='lat' dir='ltr'>set,</span> <span class='ocrx_word' id='word_1_194' title='bbox 299 2981 508 3049; x_wconf 91' lang='lat' dir='ltr'>memorabile</span> <span class='ocrx_word' id='word_1_195' title='bbox 523 2988 642 3064; x_wconf 89' lang='lat' dir='ltr'>quanto</span> <span class='ocrx_word' id='word_1_196' title='bbox 658 2982 829 3067; x_wconf 89' lang='lat' dir='ltr'>ampliores</span> <span class='ocrx_word' id='word_1_197' title='bbox 844 2981 924 3050; x_wconf 85' lang='lat' dir='ltr'>fines</span> <span class='ocrx_word' id='word_1_198' title='bbox 939 2983 1033 3050; x_wconf 88' lang='lat' dir='ltr'>huius</span> <span class='ocrx_word' id='word_1_199' title='bbox 1051 2983 1098 3049; x_wconf 91' lang='lat' dir='ltr'>rei</span> <span class='ocrx_word' id='word_1_200' title='bbox 1120 2983 1190 3048; x_wconf 90' lang='lat' dir='ltr'>usui</span> <span class='ocrx_word' id='word_1_201' title='bbox 1212 2983 1245 3048; x_wconf 92' lang='lat' dir='ltr'>in</span> <span class='ocrx_word' id='word_1_202' title='bbox 1268 2983 1369 3048; x_wconf 88' lang='lat' dir='ltr'>altera</span> 
     </span>
     <span class='ocr_line' id='line_1_27' title="bbox 218 3082 1368 3170; baseline -0.001 -19"><span class='ocrx_word' id='word_1_203' title='bbox 218 3082 410 3151; x_wconf 78' lang='lat' dir='ltr'>concesserit</span> <span class='ocrx_word' id='word_1_204' title='bbox 431 3084 608 3151; x_wconf 81' lang='lat' dir='ltr'>Trinummi</span> <span class='ocrx_word' id='word_1_205' title='bbox 629 3083 814 3158; x_wconf 87' lang='lat' dir='ltr'>recensione</span> <span class='ocrx_word' id='word_1_206' title='bbox 826 3085 861 3170; x_wconf 88' lang='lat'>¹),</span> <span class='ocrx_word' id='word_1_207' title='bbox 885 3105 968 3168; x_wconf 86' lang='lat' dir='ltr'>quae</span> <span class='ocrx_word' id='word_1_208' title='bbox 990 3105 1019 3152; x_wconf 92' lang='lat' dir='ltr'>a.</span> <span class='ocrx_word' id='word_1_209' title='bbox 1047 3088 1122 3149; x_wconf 68' lang='lat'>1871</span> <span class='ocrx_word' id='word_1_210' title='bbox 1149 3084 1268 3169; x_wconf 92' lang='lat' dir='ltr'>publici</span> <span class='ocrx_word' id='word_1_211' title='bbox 1291 3084 1368 3150; x_wconf 92' lang='lat' dir='ltr'>iuris</span> 
     </span>
     <span class='ocr_line' id='line_1_28' title="bbox 216 3183 1127 3252; baseline -0.01 -2"><span class='ocrx_word' id='word_1_212' title='bbox 216 3183 304 3251; x_wconf 80' lang='lat' dir='ltr'>facta</span> <span class='ocrx_word' id='word_1_213' title='bbox 325 3189 383 3252; x_wconf 87' lang='lat' dir='ltr'>est.</span> <span class='ocrx_word' id='word_1_214' title='bbox 996 3230 1002 3243; x_wconf 41' lang='lat' dir='ltr'><em>s</em></span> <span class='ocrx_word' id='word_1_215' title='bbox 1123 3196 1127 3211; x_wconf 91' lang='lat'><strong>·</strong></span> 
     </span>
    </p>

    <p class='ocr_par' dir='ltr' id='par_1_5' title="bbox 215 3285 1368 3983">
     <span class='ocr_line' id='line_1_29' title="bbox 234 3285 1368 3370; baseline 0.004 -23"><span class='ocrx_word' id='word_1_216' title='bbox 234 3337 240 3347; x_wconf 80' lang='grc'><em>,</em></span> <span class='ocrx_word' id='word_1_217' title='bbox 301 3288 430 3353; x_wconf 92' lang='lat' dir='ltr'>Interea</span> <span class='ocrx_word' id='word_1_218' title='bbox 457 3286 514 3352; x_wconf 93' lang='lat' dir='ltr'>alii</span> <span class='ocrx_word' id='word_1_219' title='bbox 543 3287 688 3354; x_wconf 90' lang='lat' dir='ltr'>homines</span> <span class='ocrx_word' id='word_1_220' title='bbox 716 3286 802 3356; x_wconf 90' lang='lat' dir='ltr'>docti</span> <span class='ocrx_word' id='word_1_221' title='bbox 831 3308 903 3354; x_wconf 88' lang='lat' dir='ltr'>cum</span> <span class='ocrx_word' id='word_1_222' title='bbox 932 3288 965 3353; x_wconf 92' lang='lat' dir='ltr'>in</span> <span class='ocrx_word' id='word_1_223' title='bbox 987 3287 1101 3353; x_wconf 87' lang='lat' dir='ltr'>Plauto</span> <span class='ocrx_word' id='word_1_224' title='bbox 1130 3285 1368 3370; x_wconf 85' lang='lat' dir='ltr'>interpretando</span> 
     </span>
     <span class='ocr_line' id='line_1_30' title="bbox 217 3386 1368 3474; baseline -0.001 -21"><span class='ocrx_word' id='word_1_225' title='bbox 217 3391 316 3469; x_wconf 87' lang='lat' dir='ltr'>atque</span> <span class='ocrx_word' id='word_1_226' title='bbox 338 3386 538 3455; x_wconf 87' lang='lat' dir='ltr'>emendando</span> <span class='ocrx_word' id='word_1_227' title='bbox 560 3387 700 3455; x_wconf 85' lang='lat' dir='ltr'>studium</span> <span class='ocrx_word' id='word_1_228' title='bbox 722 3390 969 3456; x_wconf 89' lang='lat' dir='ltr'>conlocauerunt</span> <span class='ocrx_word' id='word_1_229' title='bbox 991 3396 1057 3454; x_wconf 94' lang='lat' dir='ltr'>tum</span> <span class='ocrx_word' id='word_1_230' title='bbox 1079 3389 1111 3453; x_wconf 92' lang='lat' dir='ltr'>in</span> <span class='ocrx_word' id='word_1_231' title='bbox 1134 3387 1368 3474; x_wconf 84' lang='lat' dir='ltr'>dittographias</span> 
     </span>
     <span class='ocr_line' id='line_1_31' title="bbox 216 3486 1367 3571; baseline 0.001 -18"><span class='ocrx_word' id='word_1_232' title='bbox 216 3486 251 3554; x_wconf 90' lang='lat' dir='ltr'>in</span> <span class='ocrx_word' id='word_1_233' title='bbox 262 3489 479 3556; x_wconf 91' lang='lat' dir='ltr'>Plautinorum</span> <span class='ocrx_word' id='word_1_234' title='bbox 495 3509 645 3557; x_wconf 91' lang='lat' dir='ltr'>uersuum</span> <span class='ocrx_word' id='word_1_235' title='bbox 660 3497 810 3558; x_wconf 88' lang='lat' dir='ltr'>contextu</span> <span class='ocrx_word' id='word_1_236' title='bbox 825 3492 961 3558; x_wconf 85' lang='lat' dir='ltr'>latentes</span> <span class='ocrx_word' id='word_1_237' title='bbox 977 3492 1086 3558; x_wconf 93' lang='lat' dir='ltr'>oculos</span> <span class='ocrx_word' id='word_1_238' title='bbox 1101 3491 1280 3558; x_wconf 88' lang='lat' dir='ltr'>coniecere:</span> <span class='ocrx_word' id='word_1_239' title='bbox 1299 3489 1367 3571; x_wconf 90' lang='lat' dir='ltr'>qui—</span> 
     </span>
     <span class='ocr_line' id='line_1_32' title="bbox 216 3588 1368 3677; baseline 0.001 -22"><span class='ocrx_word' id='word_1_240' title='bbox 216 3589 277 3655; x_wconf 89' lang='lat' dir='ltr'>bus</span> <span class='ocrx_word' id='word_1_241' title='bbox 291 3590 412 3673; x_wconf 88' lang='lat' dir='ltr'>passim</span> <span class='ocrx_word' id='word_1_242' title='bbox 434 3588 595 3674; x_wconf 79' lang='lat' dir='ltr'>indagati·</span> <span class='ocrx_word' id='word_1_243' title='bbox 617 3592 744 3660; x_wconf 85' lang='lat' dir='ltr'>medela</span> <span class='ocrx_word' id='word_1_244' title='bbox 766 3593 931 3677; x_wconf 89' lang='lat' dir='ltr'>permultis</span> <span class='ocrx_word' id='word_1_245' title='bbox 953 3593 1032 3660; x_wconf 88' lang='lat' dir='ltr'>locis</span> <span class='ocrx_word' id='word_1_246' title='bbox 1054 3594 1165 3659; x_wconf 87' lang='lat' dir='ltr'>adlata</span> <span class='ocrx_word' id='word_1_247' title='bbox 1187 3598 1245 3658; x_wconf 92' lang='lat' dir='ltr'>est.</span> <span class='ocrx_word' id='word_1_248' title='bbox 1282 3593 1368 3658; x_wconf 89' lang='lat' dir='ltr'>Inter</span> 
     </span>
     <span class='ocr_line' id='line_1_33' title="bbox 216 3689 1368 3777; baseline 0.002 -21"><span class='ocrx_word' id='word_1_249' title='bbox 216 3709 297 3773; x_wconf 90' lang='lat' dir='ltr'>quos</span> <span class='ocrx_word' id='word_1_250' title='bbox 310 3689 430 3775; x_wconf 86' lang='lat' dir='ltr'>primas</span> <span class='ocrx_word' id='word_1_251' title='bbox 444 3692 539 3759; x_wconf 87' lang='lat' dir='ltr'>facile</span> <span class='ocrx_word' id='word_1_252' title='bbox 553 3691 615 3759; x_wconf 82' lang='lat' dir='ltr'>fert</span> <span class='ocrx_word' id='word_1_253' title='bbox 634 3693 895 3777; x_wconf 83' lang='lat' dir='ltr'>Ladewigius</span> <span class='ocrx_word' id='word_1_254' title='bbox 916 3694 980 3777; x_wconf 95' lang='lat' dir='ltr'>ille,</span> <span class='ocrx_word' id='word_1_255' title='bbox 1004 3694 1059 3776; x_wconf 94' lang='lat' dir='ltr'>qui</span> <span class='ocrx_word' id='word_1_256' title='bbox 1082 3695 1228 3776; x_wconf 90' lang='lat' dir='ltr'>quamuis</span> <span class='ocrx_word' id='word_1_257' title='bbox 1251 3694 1368 3759; x_wconf 90' lang='lat' dir='ltr'>acriter</span> 
     </span>
     <span class='ocr_line' id='line_1_34' title="bbox 215 3792 1365 3880; baseline 0.003 -24"><span class='ocrx_word' id='word_1_258' title='bbox 215 3809 245 3857; x_wconf 85' lang='lat' dir='ltr'>a.</span> <span class='ocrx_word' id='word_1_259' title='bbox 264 3795 345 3858; x_wconf 83' lang='lat'>1845</span> <span class='ocrx_word' id='word_1_260' title='bbox 368 3792 401 3858; x_wconf 95' lang='lat' dir='ltr'>in</span> <span class='ocrx_word' id='word_1_261' title='bbox 422 3792 611 3860; x_wconf 93' lang='lat' dir='ltr'>indomitum</span> <span class='ocrx_word' id='word_1_262' title='bbox 634 3794 720 3877; x_wconf 88' lang='lat' dir='ltr'>quod</span> <span class='ocrx_word' id='word_1_263' title='bbox 742 3797 845 3880; x_wconf 92' lang='lat' dir='ltr'>primo</span> <span class='ocrx_word' id='word_1_264' title='bbox 867 3802 1013 3863; x_wconf 84' lang='lat' dir='ltr'>exortum</span> <span class='ocrx_word' id='word_1_265' title='bbox 1035 3802 1105 3862; x_wconf 85' lang='lat' dir='ltr'>erat</span> <span class='ocrx_word' id='word_1_266' title='bbox 1133 3794 1365 3880; x_wconf 80' lang='lat' dir='ltr'>dittographia-</span> 
     </span>
     <span class='ocr_line' id='line_1_35' title="bbox 215 3892 1367 3983; baseline 0.002 -26"><span class='ocrx_word' id='word_1_267' title='bbox 215 3910 286 3958; x_wconf 89' lang='lat' dir='ltr'>rum</span> <span class='ocrx_word' id='word_1_268' title='bbox 306 3892 560 3978; x_wconf 80' lang='lat' dir='ltr'>indagandamm</span> <span class='ocrx_word' id='word_1_269' title='bbox 582 3895 726 3963; x_wconf 87' lang='lat' dir='ltr'>studium</span> <span class='ocrx_word' id='word_1_270' title='bbox 742 3898 887 3966; x_wconf 89' lang='lat' dir='ltr'>inuectus</span> <span class='ocrx_word' id='word_1_271' title='bbox 909 3904 1010 3983; x_wconf 84' lang='lat' dir='ltr'>esset,</span> <span class='ocrx_word' id='word_1_272' title='bbox 1039 3919 1110 3965; x_wconf 94' lang='lat' dir='ltr'>cum</span> <span class='ocrx_word' id='word_1_273' title='bbox 1137 3902 1254 3981; x_wconf 87' lang='lat' dir='ltr'>coepta·</span> <span class='ocrx_word' id='word_1_274' title='bbox 1281 3902 1367 3963; x_wconf 89' lang='lat' dir='ltr'>esset</span> 
     </span>
    </p>
   </div>
   <div class='ocr_carea' id='block_1_5' title="bbox 305 4075 1167 4150">
    <p class='ocr_par' dir='ltr' id='par_1_6' title="bbox 305 4075 1167 4150">
     <span class='ocr_line' id='line_1_36' title="bbox 305 4075 1167 4150; baseline 0.006 -21"><span class='ocrx_word' id='word_1_275' title='bbox 305 4078 328 4142; x_wconf 77' lang='lat' dir='ltr'>l)</span> <span class='ocrx_word' id='word_1_276' title='bbox 346 4075 387 4131; x_wconf 81' lang='lat' dir='ltr'>cl.</span> <span class='ocrx_word' id='word_1_277' title='bbox 404 4077 489 4146; x_wconf 85' lang='lat' dir='ltr'>prael.</span> <span class='ocrx_word' id='word_1_278' title='bbox 508 4079 596 4136; x_wconf 60' lang='grc' dir='ltr'>Ττὶιι.2</span> <span class='ocrx_word' id='word_1_279' title='bbox 612 4097 638 4150; x_wconf 92' lang='lat' dir='ltr'>p.</span> <span class='ocrx_word' id='word_1_280' title='bbox 656 4080 749 4135; x_wconf 86' lang='lat' dir='ltr'>XXXI</span> <span class='ocrx_word' id='word_1_281' title='bbox 766 4082 835 4136; x_wconf 89' lang='lat' dir='ltr'>conl.</span> <span class='ocrx_word' id='word_1_282' title='bbox 852 4080 939 4150; x_wconf 82' lang='lat' dir='ltr'>prasi.</span> <span class='ocrx_word' id='word_1_283' title='bbox 958 4080 1041 4136; x_wconf 87' lang='lat' dir='ltr'>Merc.</span> <span class='ocrx_word' id='word_1_284' title='bbox 1059 4095 1087 4149; x_wconf 87' lang='lat' dir='ltr'>p.</span> <span class='ocrx_word' id='word_1_285' title='bbox 1105 4078 1167 4136; x_wconf 78' lang='lat' dir='ltr'>Vll.</span> 
     </span>
    </p>
   </div>
   <div class='ocr_carea' id='block_1_6' title="bbox 0 0 1474 5144">
    <p class='ocr_par' dir='ltr' id='par_1_7' title="bbox 0 0 1474 5144">
     <span class='ocr_line' id='line_1_37' title="bbox 0 0 1474 5144; baseline 0 2"><span class='ocrx_word' id='word_1_286' title='bbox 0 0 1474 5144; x_wconf 95' lang='lat' dir='ltr'> </span> 
     </span>
    </p>
   </div>
  </div>
 </body>
</html>
