2940 5144
365 697 409 754 De
424 697 593 754 Bacchidnm
609 698 754 754 Plautinae
771 698 963 753 retractatione
981 698 1114 753 scaenica
1255 694 1315 758 175

128 870 138 880 “
153 870 321 941 Plautinis
330 871 365 939 in
374 890 467 938 mum
481 890 576 938 usum
594 870 785 939 eonnerterit
796 875 985 937 retractator
996 870 1075 937 setis
1089 876 1178 938 certa
1192 872 1315 938 conice

156 979 233 1041 tura
253 972 389 1055 sdsequi
410 992 597 1058 possumus,
626 993 731 1057 neque
753 972 871 1039 scimus
899 993 975 1038 num
1002 971 1126 1053 omnia,
1155 993 1238 1056 quae
1260 974 1316 1041 ille

158 1077 322 1159 monuisset,
343 1079 400 1140 aut
421 1073 550 1140 omnino
571 1081 702 1159 recepta
722 1073 787 1140 sint
807 1074 840 1140 in
861 1073 1138 1157 grammaticorum
1153 1077 1314 1160 exempla·

158 1175 212 1242 ris
230 1181 287 1242 sut
308 1173 402 1243 nobis
431 1179 569 1242 seruata
613 1177 737 1242 Tamen
762 1176 933 1259 impetrare
961 1195 982 1239 a
1005 1193 1057 1240 mo
1080 1193 1142 1239 nou
1164 1176 1315 1258 potuine

159 1276 212 1360 iis,
234 1295 318 1360 quae
337 1275 371 1342 in
386 1281 546 1362 potestate
561 1283 677 1359 essent,
701 1277 746 1343 ita
765 1282 880 1359 uterer,
902 1282 936 1342 ut
957 1275 1196 1358 intellegeretur
1218 1296 1313 1358 qnae·

160 1398 237 1445 nam
257 1377 355 1445 inisse
377 1385 509 1462 possent
530 1379 761 1444 sententiarum
784 1378 878 1444 uices.

249 1470 431 1547 Teneamus
458 1480 556 1564 igitur
583 1498 654 1545 cum
684 1480 716 1546 in
746 1479 878 1546 exordio
907 1478 1000 1545 huius
1028 1497 1165 1546 scaenae
1193 1478 1315 1546 tamin

162 1581 236 1667 ipsa
257 1586 400 1649 extrema
425 1588 518 1665 parte
547 1581 626 1647 satis
648 1581 804 1648 uiolenter
832 1580 933 1648 uideri
962 1588 1200 1650 retractatorem
1223 1582 1315 1663 quasi

162 1683 359 1768 amputando
374 1683 407 1749 in
422 1689 593 1768 angustum
616 1683 759 1766 coegisse
781 1702 953 1750 sermones.
991 1684 1111 1763 Quodsi
1133 1702 1231 1750 cansa
1252 1703 1315 1751 non

163 1792 214 1855 est
234 1804 290 1853 cnr
310 1803 465 1868 negemus
486 1784 609 1868 priores
630 1786 695 1850 XX
717 1804 829 1851 uersos
849 1785 985 1852 intactos
1006 1791 1246 1853 retractatorem
1267 1805 1314 1852 re·

162 1887 311 1969 liquisse:
341 1904 423 1968 qnae
451 1893 574 1953 restant
601 1885 688 1952 haud
716 1887 811 1953 mirer
840 1886 868 1952 si
899 1886 941 1953 ad
969 1887 1052 1954 hanc
1079 1889 1146 1955 fere
1175 1886 1313 1972 speciem

165 1987 342 2073 composita
366 1985 497 2054 fuerint:

253 2169 314 2223 XX.
332 2171 415 2227 Bac:
435 2171 505 2240 Quid
523 2169 639 2237 tindem,
658 2170 682 2225 si
700 2168 840 2306 dimidiium
858 2168 917 2222 auri
933 2168 1067 2223 redditur:
1085 2170 1122 2222 in'
1141 2170 1193 2224 hac
1210 2186 1314 2226 mecum

788 2253 866 2306 ntro?

200 2339 314 2396 XXXV.
331 2340 412 2395 Hauc
424 2340 531 2394 ueniam
542 2338 596 2393 illis
612 2338 669 2393 siue
681 2340 709 2392 te
722 2337 837 2391 exorem.
849 2333 976 2473 b<IVIC.·>
993 2336 1072 2403 Quod
1084 2336 1166 2390 sdmel
1178 2337 1241 2402 dixi,
1258 2338 1314 2393 hau

773 2423 848 2475 mntt
868 2436 893 2474 o.

93 2488 96 2495 '
213 2509 316 2565 xxm.
334 2510 435 2564 rum:
454 2509 546 2563 soom
563 2511 607 2573 tu,
629 2506 710 2561 nomo
728 2504 816 2571 muru,
840 2503 912 2605 quon
925 2504 958 2602 'or
976 2504 1041 2559 ocor
1059 2505 1122 2559 soni
1145 2508 1212 2563 cauo
1234 2509 1314 2578 cupa

331 2678 477 2732 Dimidium
496 2678 555 2733 auri
573 2678 666 2733 datur:
689 2594 959 2746 accipitriiapiiileliospiie
976 2682 1004 2732 et
1021 2680 1140 2732 scortum
1159 2677 1313 2734 eccirmbas.

225 2762 312 2870 XXV.
333 2762 409 2818 NIC:
431 2763 586 2832 ligem-ribi
603 2763 675 2818 filius
694 2766 986 2904 οοηῄιέξέἐιέῃέξῖε,
1011 2763 1049 2819 ibi
1065 2764 1176 2833 potem?
1211 2763 1312 2818 PHIL:

331 2933 404 2988 NIO:
424 2934 481 3002 Age
492 2935 556 3000 iam,
573 2939 635 2990 dtut
647 2938 697 3000 cst,
715 2934 793 2990 etsist
807 2934 943 3021 dedecori,
961 2934 1059 3004 patitr,
1076 2934 1167 2990 iacere
1184 2935 1314 2990 inducam

774 3020 902 3073 tuimum.

160 3102 313 3160 XXXVIII.
332 3103 418 3159 SatIn'
431 3104 480 3171 ego
493 3104 564 3159 istuc
579 3104 666 3158 habeo
684 3102 865 3194 offirmatum?
890 3101 974 3155 BAc:
993 3101 1019 3153 It
1036 3097 1103 3167 dies,
1121 3102 1159 3156 ite
1175 3105 1247 3157 iutro
1266 3117 1312 3156 ac-

328 3271 391 3326 Filii
408 3286 458 3326 uos
476 3273 621 3342 expectdnt
638 3270 720 3323 intus.
755 3185 942 3363 Niliizmilliram
965 3265 1073 3335 quidem
1095 3268 1217 3320 actutum
1240 3282 1312 3321 emo·

238 3443 311 3497 XLI.
330 3438 418 3496 SOR:
430 3440 534 3510 Lepide
543 3439 571 3492 ht
581 3442 645 3493 sunt
655 3434 735 3502 capti,
745 3347 964 3502 filiiiipliiiiecdre
973 3431 1095 3488 insidias.
1116 3433 1230 3504 <BAC:>
1241 3400 1288 3490 ite.
1294 3437 1311 3502 ¹)

159 3612 257 3678 Cuius
280 3609 420 3691 exempli
441 3610 470 3676 si
492 3630 555 3677 non
575 3606 731 3676 dissimile
747 3613 817 3675 erat
829 3605 1044 3674 retractatoris
1059 3624 1148 3691 opus,
1169 3607 1213 3673 ad
1228 3627 1310 3674 com-

158 3708 312 3788 pendium
335 3709 462 3776 conlata
490 3729 608 3777 scaena
636 3718 783 3775 seruatae
812 3713 920 3776 tamen
949 3714 1040 3775 eraut
1067 3726 1177 3774 omues
1205 3709 1311 3775 resin

158 3803 302 3883 pleniore
318 3808 496 3891 exemplari
511 3809 736 3876 adumbratae:
759 3811 849 3877 uelut
867 3830 963 3876 uersu
976 3809 1122 3875 XXXIX
1136 3812 1312 3893 respexerit

159 3898 204 3964 cd
226 3919 284 3983 ea,¹
311 3919 393 3982 quae
415 3908 448 3972 iu
470 3908 779 3977 alterarecensione
801 3911 888 3978 dicta
910 3916 1001 3978 erant
1022 3930 1074 3977 uu.
1097 3910 1242 3977 XXXIII
1263 3932 1310 3994 sq.
1346 3896 1352 3907 ’

246 4002 404 4090 Ceterum,
434 4028 474 4075 ne
497 4009 576 4090 quid
598 4026 701 4093 erres,
730 4011 770 4079 de
785 4031 815 4076 u.
831 4012 1004 4077 XXXVIII
1033 4031 1148 4078 moneo
1176 4013 1311 4080 iterem

159 4103 411 4189 intellegendam
435 4127 515 4191 esse,
538 4114 574 4176 ut
588 4108 697 4193 senex,
719 4118 891 4196 postquam
905 4111 984 4176 satis
1000 4112 1090 4177 breui
1104 4114 1312 4195 persuasione

249 4342 271 4405 l)
288 4339 320 4392 In
337 4340 390 4396 hoc
407 4342 490 4411 igitur
506 4344 629 4413 exemplo
647 4347 694 4403 du.
708 4346 761 4402 XX
772 4351 799 4401 et
813 4345 877 4399 XLI
895 4342 1035 4411 utriusque
1052 4340 1218 4399 recensionis
1238 4357 1312 4398 com·

157 4438 254 4477 munes
272 4428 343 4479 sunt.
