2940 5144
369 592 411 647 De
429 592 594 647 Bacchidum
612 591 754 646 Plautinae
771 591 965 648 retractatione
983 591 1117 648 scaenica.
1272 589 1312 654 63

166 772 296 834 conatos
318 764 495 846 recoxisse,
517 770 600 844 quae
621 763 818 830 subobscura
839 765 973 831 fortasse
995 762 1202 830 excultioriue
1222 784 1313 850 grae·

165 868 314 935 cissantis
330 865 445 932 aetatis
457 864 638 950 elegantiae
653 884 765 948 parum
777 863 948 932 artificiosa
961 864 1144 932 uiderentur
1154 865 1186 950 ¹),
1202 885 1312 951 saepe·
1416 928 1422 946 .

165 989 294 1037 numero
325 967 462 1048 denique
491 972 618 1050 praeter
649 972 754 1032 certae
782 967 913 1034 rationis
942 968 1164 1034 necessitatem
1191 967 1312 1050 aliquid

165 1071 331 1137 sustulisse
352 1068 518 1149 liberoque
541 1066 673 1134 arbitrio
696 1065 737 1134 de
759 1087 816 1135 suo
839 1067 994 1153 quidquid
1022 1068 1137 1135 liberet
1158 1069 1313 1136 Plautinis

166 1171 373 1256 adspersisse.

248 1291 269 1369 ξ
291 1295 319 1353 5.
363 1289 432 1354 Iam
453 1293 589 1370 apparet
611 1284 681 1352 fieri
701 1287 758 1355 uix
780 1287 938 1372 potuisse,
967 1288 1043 1369 quin
1066 1288 1169 1381 magis
1196 1288 1311 1370 magis

165 1411 227 1475 que
241 1392 324 1457 inter
338 1408 373 1455 se
389 1387 604 1471 discrepantia
618 1386 798 1454 fabularum
818 1388 946 1456 illarum
968 1390 1166 1473 exemplaria
1186 1388 1312 1457 histrio·

163 1515 239 1561 num
261 1493 294 1558 in
316 1489 462 1556 manibus
490 1494 701 1555 uersarentur.
748 1489 840 1556 Unde
869 1509 940 1556 cum
968 1489 1103 1558 fluerent
1130 1498 1313 1577 emergente

164 1614 235 1662 sero
252 1593 381 1678 quidem
394 1593 515 1658 Romae
531 1590 720 1677 optimarum
736 1592 851 1658 artium
865 1590 971 1658 studio
987 1591 1196 1660 litteratorum
1211 1592 1311 1659 bomi-

163 1715 239 1761 num
257 1692 457 1776 exemplaria
467 1691 493 1776 2)
514 1691 646 1758 adscitis
662 1712 704 1758 ex
718 1691 866 1760 diuersae
888 1696 983 1760 notae
1004 1693 1132 1761 sobedis
1155 1713 1311 1777 quaecun-

164 1816 226 1878 que
248 1793 465 1862 commendari
486 1792 669 1860 uiderentur
682 1792 745 1878 filo
769 1805 862 1880 atque
873 1794 1001 1878 socetsb
1022 1796 1175 1858 sermom's
1196 1796 1312 1860 Plauto

164 1897 363 1978 coagmentis
372 1894 398 1979 3)
419 1896 665 1978 supplementis:
689 1895 848 1979 quomodo
864 1896 933 1962 fieri
950 1897 1096 1981 potuerit,
1119 1903 1153 1962 ut
1175 1902 1208 1963 et
1229 1899 1311 1965 eius·

164 1999 237 2065 dem
253 1996 431 2080 argumenti
445 1997 554 2082 plures
568 1996 600 2060 in
617 2016 713 2062 unam
729 1997 944 2064 recensionem
963 1998 1178 2081 reciperentur
1199 2019 1311 2081 uersus

164 2098 340 2182 etquidem
358 2097 513 2183 duplicati
526 2097 652 2183 generis
674 2097 707 2164 in
729 2097 802 2164 aliis
824 2099 1061 2184 exemplaribus
1076 2099 1309 2166 circumferren-

163 2205 221 2283 tur,
244 2200 286 2266 ab
309 2199 382 2265 aliis
404 2200 570 2280 abessent,
592 2219 685 2265 nemo
708 2217 771 2264 non
793 2198 890 2265 uidet.
935 2201 983 2267 Ac
1003 2221 1045 2267 ne
1066 2199 1188 2267 mireris
1209 2219 1310 2284 prauo

161 2299 280 2366 iudicio
295 2298 520 2381 grammaticos
533 2300 607 2366 illos
628 2300 660 2365 in
683 2320 778 2366 unam
801 2301 955 2368 sermonis
977 2300 1215 2368 continuitatem
1237 2321 1310 2367 oon-

162 2401 300 2484 gessisse
314 2399 469 2483 gemellas
487 2407 596 2484 partes
617 2400 663 2467 ita
685 2401 882 2485 constitutas,
905 2409 939 2468 ut
961 2402 1085 2468 adscita
1106 2402 1209 2468 altera
1231 2403 1308 2467 alte

162 2522 229 2568 ram
251 2508 430 2568 auersetur:
453 2500 580 2586 insigne
597 2503 658 2574 arti
681 2522 789 2569 eorum
811 2502 1006 2588 praesidium
1027 2509 1174 2587 paratum
1197 2509 1246 2570 est
1267 2503 1309 2569 ab
1385 2517 1388 2520 ⁴

159 2603 277 2670 illustri
291 2602 347 2669 illo
365 2603 436 2668 loeo
453 2603 647 2670 Suetoniano
659 2605 685 2689 ⁴)
709 2623 790 2671 anno
810 2609 890 2670 1845
913 2626 931 2672 e
953 2604 1063 2672 codice
1086 2603 1225 2686 quodam
1247 2606 1307 2670 Pa·

160 2704 257 2771 risino
273 2722 293 2767 a
307 2703 430 2769 Tbeod.
446 2705 587 2787 Bergkio
609 2704 746 2790 primum
769 2704 901 2788 aditet),
923 2705 1009 2773 unde
1029 2705 1227 2774 intellectum
1250 2711 1308 2792 est,

158 2807 240 2873 sicut
262 2803 497 2871 Alexandrinos
520 2806 799 2888 Pergamenosque
822 2808 1056 2892 grammaticos,
1080 2807 1126 2873 ita
1147 2809 1307 2875 Romanos

136 2908 269 2974 wsolitos
285 2907 384 2973 fuisse
402 2906 497 2972 certis
519 2907 630 2973 notis
653 2908 831 2992 criticis,
854 2928 987 2990 quarum
1010 2909 1177 2994 multiplex
1198 2910 1306 2993 longe-

159 3027 220 3090 que
236 3007 463 3073 subtillssimus
480 3013 548 3072 erat
562 3027 648 3090 usus,
670 3014 814 3075 ueterum
834 3013 1000 3094 poetamm
1021 3009 1307 3090 historicorumque

157 3109 257 3175 libros
281 3106 484 3190 distinguere.
524 3109 618 3174 Velut
641 3103 692 3197 ·>’<
712 3108 897 3175 asteriscum
919 3110 959 3174 iis
981 3111 1185 3194 apponebant
1209 3110 1305 3176 uersi-

159 3209 227 3292 bus,
251 3210 307 3293 qus'
322 3209 354 3270 io
369 3207 428 3269 boc
450 3205 569 3291 <recse>
591 3207 661 3270 loco
679 3210 782 3291 positi
800 3219 899 3282 eruat,
924 3230 991 3271 cum
1014 3209 1085 3272 aliis
1104 3210 1224 3273 seilicet
1244 3231 1306 3273 non

157 3318 242 3370 recte
262 3317 471 3390 penarensem
502 3308 534 3372 in
557 3307 645 3375 hisce
666 3328 773 3377 rursus
797 3310 845 3392 ·>’<·
867 3343 910 3360 -
931 3310 1083 3378 asterisco
1111 3331 1182 3377 oum
1211 3313 1305 3379 obelo

158 3407 344 3490 utebantur3
368 3407 415 3492 'X‘
440 3408 622 3474 ceraunium
636 3411 823 3495 ponebatur,
846 3411 987 3496 quotieas
1009 3413 1100 3474 malti
1117 3433 1228 3476 amoos
1248 3415 1305 3476 im-

247 3560 268 3619 i)
287 3554 326 3610 cf.
345 3553 520 3611 Goetzianam
538 3559 790 3614 commentationem
807 3575 832 3628 p.
852 3563 910 3614 252.

122 3670 132 3691 ·.
243 3644 269 3705 2)
288 3639 328 3694 uf.
347 3639 488 3694 Ritscbelii
506 3641 577 3696 Nou.
596 3643 709 3698 Excurs.
728 3662 754 3714 p.
775 3649 831 3710 109,
852 3644 956 3700 Goetzii
973 3644 1190 3701 dissertationem
1207 3663 1232 3716 p.
1247 3652 1304 3702 275.

242 3729 268 3792 3)
286 3724 373 3792 Quam
390 3740 512 3780 normam
530 3726 679 3782 Varronem
701 3729 737 3783 ad
759 3729 879 3797 ipsarum
902 3728 1057 3787 tabularum
1079 3729 1304 3787 existimationem

156 3808 311 3863 adhibuisse
329 3808 431 3864 Gellius
449 3809 488 3863 Ill
503 3815 552 3876 3,3
570 3812 791 3880 reformandam
809 3814 978 3882 potissimum
996 3815 1155 3869 ueterrimos
1171 3815 1232 3871 illos
1252 3818 1303 3871 eri·
1413 3883 1417 3890 ,

154 3893 225 3948 ticos
243 3898 352 3948 secutos
371 3908 430 3948 esse
448 3900 658 3951 consentaneum
676 3898 763 3952 estin
785 3897 970 3964 diiudicanda,
996 3898 1162 3966 singularum
1185 3902 1303 3969 partium

155 3978 184 4031 in
196 3977 328 4032 scaenicis
340 3977 393 4031 illis
407 3979 726 4048 exemplaribus-diuerse
744 3982 904 4036 traditarum
922 3997 991 4050 quae
1008 3997 1120 4051 prorsus
1138 3983 1303 4053 abiciendus,

155 4075 224 4130 quae
242 4062 421 4128 confidenter,
444 4062 599 4117 dubitanter
617 4064 732 4131 deniqne
750 4065 864 4133 quaein
881 4066 1067 4121 Plautinorum
1089 4069 1243 4123 contextum
1260 4085 1302 4124 re·

154 4147 292 4215 cipiendae
309 4146 473 4200 uiderentur.

239 4236 266 4297 4)
283 4230 390 4300 Fragm.
411 4235 458 4286 108
477 4230 688 4297 Reifferscheid,
706 4248 732 4301 p.
754 4237 884 4287 137-141
905 4233 1029 4290 editionis
1046 4251 1071 4290 a.
1091 4240 1164 4291 1860.

240 4319 265 4382 5)
282 4315 378 4370 Dium.
396 4315 481 4384 antiq.
501 4317 570 4371 stud.
588 4332 613 4371 a.
636 4320 700 4372 1845
718 4335 744 4388 p.
764 4320 885 4373 85—88.
