2940 5144
358 878 400 932 De
418 878 585 933 Bacchidum
602 877 745 932 Plautinae
762 879 954 933 retractatione
971 880 1103 936 scaenica
1244 877 1303 940 137

454 1080 697 1146 Bacchidum
720 1081 927 1165 specimen
948 1083 1006 1148 XI.

639 1204 685 1248 Act.
699 1203 726 1246 lV
744 1217 776 1248 ec.
790 1197 825 1247 9¹³.

243 1321 262 1397 ξ
287 1318 337 1380 39.
379 1317 447 1381 Iam
469 1323 621 1399 sequatur
642 1317 716 1385 huic
738 1325 875 1402 cognata
897 1338 936 1383 ea
958 1337 1084 1402 scaena,
1106 1319 1140 1384 in
1163 1339 1227 1402 qua
1248 1320 1305 1387 ite·
1380 1384 1383 1393 ,

155 1437 227 1484 rum
250 1416 390 1484 exsultat
412 1416 463 1494 dle
487 1415 721 1495 ἐξαπατῶντος
751 1418 870 1485 callida
890 1417 1036 1504 pertidia.
1080 1420 1169 1499 Quae
1199 1429 1307 1487 tamen

156 1520 204 1584 ita
225 1519 266 1585 ab
288 1516 374 1583 illius
397 1518 505 1585 indole
524 1518 631 1602 distat,
654 1526 688 1586 ut
711 1521 883 1586 etiamnum
905 1520 1060 1587 latissime
1081 1527 1214 1607 pateant
1234 1541 1306 1605 pas·

157 1620 217 1686 sim
240 1620 379 1686 uicariae
401 1621 595 1688 recensionis
617 1622 781 1703 reliquiae.

226 1723 290 1787 =Ao
317 1721 454 1804 primum
484 1722 613 1803 quidem
636 1724 690 1806 qui
719 1729 846 1790 exstant
870 1730 943 1809 post
971 1728 1033 1789 988
1056 1744 1182 1808 uersus,
1211 1731 1246 1791 ut
1275 1723 1308 1789 in
1411 1792 1415 1797 ,

157 1823 248 1888 libris
271 1824 435 1908 leguntur,
465 1824 590 1891 etiamsi
618 1824 751 1891 recedas
773 1846 794 1889 a
815 1826 907 1892 metri
938 1833 1084 1912 corrupta
1112 1826 1237 1910 speeie,
1265 1826 1306 1892 ob

158 1924 386 1990 sententiarum
415 1925 622 2008 grauissimas
647 1926 757 1992 turbas
787 1929 874 1994 nullo
905 1928 1000 1995 modo
1030 1927 1184 2010 concoqui
1208 1946 1307 2012 ¹posse

159 2025 325 2091 uerissime
349 2044 444 2092 sensu
470 2027 593 2110 pridem
616 2027 871 2095 Ritschclius
898 2030 1069 2115 perspexit.
1114 2030 1217 2109 Quam
1240 2049 1307 2096 rem

160 2127 230 2192 luce
249 2126 415 2193 clariorem
430 2147 492 2193 non
515 2127 616 2196 defuit
637 2134 745 2195 tamen
768 2130 822 2211 qui
844 2131 1099 2197 membranarum
1122 2149 1230 2197 rursus
1252 2151 1307 2215 pa-

109 2300 112 2306 ,
159 2229 332 2295 trocinatus
348 2229 529 2295 auctoritati
550 2230 583 2295 in
606 2230 737 2296 dubium
759 2240 898 2313 uocaret,
921 2231 982 2296 hac
1004 2231 1134 2313 quidem
1156 2250 1230 2297 usus
1253 2251 1307 2298 ex-

158 2331 345 2414 plicatione,
376 2331 467 2412 quasi
496 2331 559 2397 bis
588 2331 634 2396 de
663 2331 823 2414 integro
853 2351 964 2398 seruus
993 2331 1192 2397 aNicobulo
1221 2350 1308 2397 secc-

161 2432 237 2498 dcre
260 2438 425 2498 conaretur
437 2433 470 2516 ¹).
515 2432 608 2511 Quod
633 2432 661 2499 si
683 2432 863 2517 significare
893 2433 1047 2498 uoluisset
1068 2432 1216 2515 Plautus,
1247 2451 1311 2513 qua

161 2540 229 2598 erat
250 2532 443 2599 inexhausta
464 2535 529 2598 fere
552 2534 707 2600 sermonis
722 2534 877 2617 ubertate,
901 2533 1077 2600 certissime
1095 2553 1163 2614 ,non
1185 2532 1235 2599 bis
1257 2531 1309 2598 iis-

162 2633 236 2699 dem
253 2653 329 2699 usus
346 2640 430 2700 esset
451 2635 678 2702 sententiarum
701 2634 991 2702 confirmationibus
1013 2633 1205 2717 loquendiue
1227 2633 1309 2700 adeo

162 2736 329 2802 cumulatis
345 2735 513 2803 simillimis
536 2735 653 2816 figuris.
691 2736 740 2801 Ex
763 2737 879 2821 quibus
900 2736 1025 2803 indiciis
1048 2737 1228 2820 ubicunque
1251 2755 1311 2802 usu

160 2838 292 2903 ueniunt
314 2835 389 2917 (nisi
404 2837 484 2904 forte
498 2838 667 2922 singularis
690 2836 849 2922 quaedam
872 2840 988 2905 facetia
1008 2838 1093 2905 inest
1115 2838 1148 2904 in
1169 2838 1240 2921 ipsa
1261 2857 1309 2904 re-

140 2937 326 3024 petitione)
354 2937 442 3004 facili
465 2959 524 3005 nec
553 2940 662 3007 fallaci
690 2940 872 3008 coniectura
902 2939 1022 3007 efficias
1051 2945 1106 3006 aut
1133 2938 1310 3024 impudenti

159 3039 404 3124 interpolatione
414 3041 519 3108 locum
530 3041 741 3110 deformatum
752 3040 836 3108 tradi
852 3042 953 3108 autin
968 3043 1184 3110 retractatoris
1199 3040 1311 3108 fraude

158 3162 216 3210 nos
238 3141 367 3210 uersari.
1379 3136 1381 3141 '

244 3247 280 3312 In
304 3245 386 3310 huno
405 3252 512 3311 autem
534 3245 640 3312 locum
664 3246 740 3325 quin
762 3244 920 3328 posterius
942 3243 1022 3308 illud
1044 3242 1140 3308 cadat
1161 3242 1226 3306 iam
1248 3261 1311 3307 non

160 3347 337 3430 dubitabis,
367 3345 394 3411 si
407 3344 653 3430 'comparaueris
679 3345 762 3410 inter
789 3364 824 3409 se
848 3343 1006 3409 Veteris
1029 3342 1312 3424 exemplum'in

160 3448 379 3514 Ritschcliuna
395 3444 533 3511 editione
550 3443 730 3528 expositum
742 3441 768 3526 2)
791 3447 823 3508 ct
839 3462 932 3525 quam
948 3443 1019 3525 ipse
1033 3440 1182 3526 probauit
1198 3431 1312 3508 horum

160 3568 309 3617 uersuum
332 3545 564 3611 recensionem:
594 3543 648 3624 qui
674 3544 964 3626 glossematum
995 3543 1120 3609 turbam
1150 3542 1312 3627 expellere

162 3650 224 3716 sibi
246 3647 333 3713 uisus
356 3646 401 3710 ita
423 3642 613 3727 contempsit
635 3640 789 3708 librorum
811 3642 1049 3727 auctoritatem,
1073 3650 1109 3710 ut
1131 3642 1199 3729 ipse
1220 3642 1310 3711 refin-

161 3752 248 3817 xisse
270 3747 375 3833 potius
390 3750 490 3811 totum
505 3743 611 3811 locum
633 3761 729 3824 quam
745 3743 966 3810 emendatione
986 3745 1179 3829 expoliuisse
1202 3743 1311 3812 uidea-

163 3858 221 3916 tur.
255 3851 388 3929 Tamen,
413 3846 538 3928 qualem
560 3845 616 3912 illc
639 3849 670 3910 et
692 3845 746 3930 qui
769 3865 841 3911 eum
863 3852 990 3913 secutus
1013 3853 1063 3913 est
1084 3847 1311 3914 Fleckeisenus

164 3950 336 4018 effecerunt
352 3946 506 4013 machinis
521 3946 760 4023 istissermonis
775 3946 1021 4031 simplicitatem,
1038 3948 1068 4015 ei
1083 3947 1197 4013 mirum
1213 3967 1311 4029 quan·

113 4061 116 4065 ’
163 4060 230 4119 tum
252 4055 394 4135 praestat
416 4047 645 4132 propemodum
666 4049 792 4131 integra
814 4067 924 4116 corum
946 4049 1120 4134 sinceritas,
1144 4069 1227 4131 quae
1248 4050 1312 4133 ipsi

163 4153 237 4219 libri
260 4148 524 4234 suppeditabant,
555 4148 701 4215 bifariam
723 4149 871 4215 nimirum
899 4149 1075 4230 digerenda
1103 4151 1136 4216 in
1164 4152 1311 4235 geminae

164 4253 356 4322 recensionis
371 4251 542 4335 specimen.
580 4249 705 4334 Nempe
727 4256 855 4316 uersus
877 4251 1013 4333 illorum,
1037 4270 1117 4332 quos
1140 4272 1181 4318 ex
1197 4255 1311 4319 Vetere

215 4505 217 4511 .
254 4442 276 4502 l)
295 4436 436 4503 Ussingius
454 4435 571 4502 probare
588 4433 704 4498 uidetur,
723 4448 793 4502 quae
810 4434 873 4488 olim
886 4416 1085 4487 Studemundus
1104 4432 1137 4488 de
1156 4432 1251 4488 cantic.
1271 4434 1310 4487 Pl.

165 4539 192 4591 p.
207 4527 240 4603 tt
258 4521 394 4586 disseruit,
412 4519 490 4589 primi
502 4523 592 4573 brnen
603 4533 699 4573 uersus
717 4519 803 4574 altera
820 4522 898 4587 parte
912 4515 1062 4572 Ritschclio
1081 4517 1149 4572 duce
1167 4523 1328 4586 expuncta.-

251 4608 276 4671 2)
293 4605 337 4660 Ab
355 4605 408 4659 hoc
428 4604 566 4658 commode
583 4601 771 4672 proficiscetur
788 4603 916 4659 uniuersa
934 4603 1028 4656 nostra
1046 4601 1200 4673 disputatio.
