2940 5144
557 277 734 334 Gualtbarius
752 276 926 332 Bracbmsnn

629 549 772 618 CAPUT
793 550 834 617 Η.

243 709 262 787 ξ
286 708 314 771 7.
352 704 476 770 Primus
492 709 598 768 autem
614 701 646 768 in
662 702 745 768 banc
759 721 826 766 rem
849 700 988 766 animum
1010 698 1151 767 intendit
1176 698 1317 767 Fride·

158 807 266 874 riou!
295 804 494 888 OsannuS,
524 804 578 887 qui
607 823 678 868 eum
708 802 932 865 olnulcctorum
955 802 1139 865 criticorum
1174 801 1319 869 Berolini

159 929 240 976 anno
260 911 341 973 1816
357 906 553 991 proditorum
570 904 721 969 extremis
737 902 838 968 tribus
853 902 1011 987 capitibus
1030 901 1070 968 de
1093 902 1210 969 causis
1225 903 1317 971 Plau-

157 1012 293 1078 tinarum
315 1008 494 1074 fabularum
522 1005 790 1091 interpolationis,
821 1005 861 1071 de
881 1004 1101 1071 Plautinomm
1128 1003 1319 1073 fabularum

157 1110 412 1194 interpolatione,
436 1110 477 1176 de
499 1107 635 1173 diuersis
651 1107 757 1173 Plauti
780 1107 960 1172 tabularum
984 1105 1235 1188 exemplaribus
1259 1107 1317 1173 dis·

158 1217 287 1294 sereret,
310 1210 392 1277 haec
414 1211 476 1276 tria
497 1230 569 1276 mea
592 1209 721 1290 quidem
745 1207 902 1274 sententia
923 1206 1100 1273 rectissime
1122 1209 1301 1291 cognonit:

243 1312 393 1396 primum:
416 1312 672 1379 retractationem
687 1318 719 1378 et
734 1311 929 1393 singulorum
951 1311 1092 1376 locorum
1115 1315 1151 1375 et
1175 1315 1317 1377 totarum

157 1415 339 1480 fabularum
355 1412 423 1479 fieri
438 1412 589 1498 potuisse,
612 1433 684 1478 cum
699 1412 837 1494 fabulae,
859 1411 915 1477 ubi
936 1412 978 1476 ab
1000 1410 1162 1477 aedilibus
1187 1419 1317 1498 emptae

158 1521 281 1599 essent,
310 1514 375 1580 iam
401 1520 566 1599 poetarum
594 1514 655 1580 iuri
685 1520 853 1598 exemptae
881 1512 914 1576 in
944 1512 1132 1579 histrionum
1164 1515 1316 1583 manibus

158 1616 236 1682 satis
252 1614 306 1681 diu
322 1622 533 1698 uersarentur,
556 1617 742 1701 priusquam
760 1615 1041 1697 grammaticorum
1063 1613 1315 1700 criticorumque

158 1716 377 1801 experirentur
399 1738 520 1800 euram,

242 1820 391 1886 alterum:
414 1840 544 1887 causam
562 1819 826 1900 occasionemque
849 1815 990 1884 nouandi
1011 1815 1089 1882 satis
1111 1822 1230 1901 aptam
1253 1819 1313 1885 illis

156 1920 264 2003 fuisse,
281 1916 351 1986 cum
367 1925 492 1988 ueteres
507 1921 637 1988 fabulae
650 1921 765 1987 iterum
779 1920 958 1999 iterumque
973 1917 1128 2000 repetitae
1143 1918 1178 2003 in
1194 1938 1314 1987 scaena

157 2029 327 2105 agerentur
339 2021 380 2104 1);

242 2123 382 2189 tertium:
398 2122 569 2207 conspicua
584 2143 654 2188 esse
670 2125 851 2189 etiamnunc
866 2121 899 2187 in
913 2120 1030 2185 tabulis
1045 2119 1218 2205 Plautinis,
1236 2141 1311 2205 qua·

157 2224 204 2290 les
226 2224 301 2289 libri
322 2223 424 2288 nostri
446 2222 642 2306 exhiberent,
666 2223 863 2291 diuersorum
887 2221 1117 2306 exemplarium
1139 2223 1293 2307 uestigia.

241 2324 278 2388 In
299 2323 524 2408 pertractando
547 2330 655 2390 tamen
677 2324 829 2391 hocloco
851 2323 897 2389 ita
919 2344 997 2390 uera
1026 2343 1096 2388 cum
1126 2323 1313 2392 falsissimis

156 2423 299 2491 confudit
321 2422 477 2509 (inprimis
491 2425 523 2490 in
538 2425 578 2490 X.
596 2426 711 2509 capite,
734 2427 787 2492 ubi
805 2426 931 2508 singula
953 2414 1091 2509 duplicis
1112 2426 1313 2493 recensionis

157 2526 306 2610 exempla
320 2523 447 2611 adfert),
469 2530 504 2593 ut
518 2526 744 2611 ignoscendum
761 2548 838 2594 sane
853 2526 1001 2593 uideatur
1020 2527 1069 2608 iis,
1093 2526 1147 2609 qui
1167 2527 1313 2619 iniquius

156 2628 196 2694 de
211 2627 273 2693 hac
288 2625 374 2692 illius
389 2628 547 2694 sententia
561 2628 794 2695 iudicauerunt:
818 2626 851 2692 id
875 2627 960 2710 quod
982 2629 1014 2694 in
1030 2625 1312 2711 Ladewigium

155 2728 294 2795 maxime
323 2727 425 2811 cadit,
455 2729 510 2813 qui
538 2729 570 2795 in
592 2729 671 2796 Mus.
695 2731 794 2797 Rben.
819 2736 894 2796 tom.
917 2731 964 2794 Ill
986 2750 1016 2814 p.
1038 2732 1099 2794 523
1113 2748 1182 2811 sqq.
1207 2733 1311 2799 totam

154 2830 243 2897 illam
259 2829 300 2896 de
315 2834 434 2896 nouata
449 2831 629 2897 fabularum
643 2832 862 2898 Plautinarum
885 2831 1069 2898 recensione
1091 2830 1310 2900 coniecturam

154 2931 240 2998 omni
262 2929 326 2996 fide
349 2951 458 2997 carere
481 2932 654 3016 contendit,
682 2935 778 3018 paulo
801 2932 909 2999 mitius
932 2932 988 2999 ille
1011 2931 1139 3014 quidem
1161 2931 1312 3002 iudicans

155 3038 302 3118 quattuor
324 3034 415 3099 annis
437 3040 511 3100 ante
533 3035 566 3100 in
589 3034 699 3101 Diurn.
723 3034 822 3117 antiq.
841 3032 924 3100 stud.
940 3055 968 3100 a.
989 3037 1067 3099 1841
1092 3055 1122 3118 p.
1143 3037 1222 3098 1079
1236 3054 1310 3123 sqq.

239 3135 308 3198 Iam
324 3139 398 3200 ante
412 3135 633 3216 Ladewigium
648 3143 755 3202 autem
779 3156 827 3219 ea,
851 3155 933 3216 quae
956 3135 996 3202 de
1011 3134 1207 3200 Bacchidum
1229 3156 1309 3204 non-

153 3235 249 3301 nullis
263 3234 343 3302 loois
358 3234 505 3302 Osannus
520 3244 738 3321 proposuerat,
760 3236 873 3304 reiecit
888 3235 1120 3302 Ritschelius
1141 3234 1174 3300 in
1189 3234 1312 3304 illustri

153 3336 210 3403 illa
239 3336 277 3399 dc
307 3335 421 3398 Plauti
439 3335 651 3401 Bacchidibus
680 3338 903 3405 dissertatione
925 3337 1140 3404 Vratislauiae
1167 3355 1197 3401 a.
1224 3341 1311 3409 1836

153 3437 241 3503 edita
252 3436 286 3520 ²).
325 3436 426 3514 Quem
442 3458 482 3503 ne
498 3437 603 3522 ipsum
619 3439 748 3521 quidem
770 3440 856 3506 illius
878 3439 925 3506 rei
947 3438 1138 3524 grauitatem
1161 3443 1229 3502 tum
1254 3458 1311 3523 pe

152 3539 238 3605 uitus
260 3537 463 3622 perspexisse
484 3559 567 3606 nunc
588 3559 665 3609 sane
688 3541 782 3608 facile
806 3539 919 3608 estad
945 3538 1142 3625 arguendum
1153 3537 1188 3624 ³).
1236 3540 1313 3621 Quo

155 3674 359 3686 -——--———

240 3761 262 3823 l)
274 3754 317 3809 De
328 3753 370 3810 his
381 3754 504 3811 omnibus
516 3755 549 3811 cf.
560 3756 739 3812 Ritschelium
748 3757 856 3826 Parerg.
867 3773 893 3826 p.
906 3761 963 3811 331.
976 3760 1006 3810 88
1014 3772 1070 3826 sqq.
1081 3760 1114 3810 94
1127 3761 1155 3810 et
1164 3755 1314 3815 Goetziuur

150 3843 169 3896 l.
180 3858 200 3896 s.
213 3857 234 3897 s.
249 3858 276 3911 p.
287 3844 336 3895 268
347 3855 386 3908 sq.

236 3931 261 3991 2)
279 3925 406 3994 Repetite
424 3925 509 3980 estin
527 3924 635 3996 Parerg.
654 3942 680 3995 p.
700 3930 745 3980 391
759 3942 815 3996 sqq.

237 4013 262 4075 3)
281 4010 321 4064 Of.
339 4009 448 4076 Parerg.
470 4025 496 4076 p.
515 4014 650 4064 tls-420
675 4011 745 4066 conl.
765 4010 941 4066 studemundi
960 4003 1128 4078 ‘Festgruss’
1148 4025 1175 4078 p.
1193 4014 1311 4071 ‹to-43.
