2940 5144
374 772 417 825 De
434 770 601 826 Bacchidnm
622 769 764 824 Plautinae
781 770 974 825 retractatione
991 751 1124 828 scaenica.
1259 773 1316 835 131

166 942 276 1026 petitis
292 941 376 1007 effici
397 948 441 1022 ut,
465 960 548 1020 quae
562 946 741 1023 repugnent
755 947 875 1025 aperte>
888 942 950 1027 ipsi
971 943 1100 1010 fabulae
1122 953 1320 1031 argumento,

167 1044 289 1111 scilicet
310 1041 437 1126 Lydum
460 1040 610 1108 simulare
632 1040 708 1106 inde
731 1043 879 1109 continuo
903 1062 975 1110 sese
998 1044 1117 1128 egredi,
1139 1048 1225 1113 unde
1246 1068 1318 1114 eum

166 1152 240 1230 post
263 1143 315 1208 GC
336 1145 403 1207 fere
425 1162 574 1207 uersuum
595 1141 799 1208 intemcllum
815 1150 985 1211 exeuntem
1001 1145 1128 1212 demum
1144 1167 1316 1232 conspexe-

167 1247 231 1311 rint
246 1248 451 1329 spectatores,
473 1264 536 1309 uon
551 1243 613 1328 ipsi
628 1244 743 1310 Plauto
759 1243 826 1326 illa,
848 1244 907 1312 sed
928 1248 1128 1313 retractaturi
1149 1249 1320 1317 tribuenda

168 1365 239 1412 esse
260 1351 377 1428 pateat.
1200 1369 1203 1372 ·

643 1734 784 1804 CAPUT
806 1735 842 1801 V.

250 1872 268 1949 ξ
286 1872 335 1932 36.
374 1868 539 1933 Exhausta
558 1869 643 1934 omni
665 1870 884 1953 exemplorum
907 1870 1010 1954 copia,
1032 1869 1064 1936 in
1088 1870 1204 1954 quibua
1225 1871 1316 1940 inda-

163 1969 278 2053 gaudis
293 1969 526 2035 retractationis
542 1969 686 2054 uestigiis
700 1970 816 2055 praeiit
830 1971 969 2037 uirorum
985 1970 1148 2038 doctorum
1171 1993 1315 2059 acumen,

162 2071 226 2136 iam
241 2069 371 2155 proprio
386 2071 488 2136 Marte
508 2068 550 2134 ad
571 2071 697 2152 reliqua
717 2071 811 2138 nobis
832 2071 1102 2156 progrediendum
1125 2080 1183 2141 est.
1220 2075 1315 2159 Nam,

163 2173 245 2238 sicut
266 2171 300 2236 in
322 2172 386 2237 illis
409 2190 492 2253 qnae
514 2173 711 2239 absoluimus
733 2193 796 2239 non
819 2171 967 2256 deerant,
995 2173 1108 2254 quibus
1130 2177 1183 2240 uel
1206 2176 1316 2258 augeri

162 2274 214 2341 uel
231 2272 411 2340 confirmari
426 2273 566 2356 priorum
588 2279 719 2357 possent
734 2273 880 2340 inuenta:
902 2274 949 2338 ita
971 2294 1080 2340 eorum
1102 2275 1244 2342 locorum
1266 2294 1319 2342 re·

161 2375 357 2459 liquefacta
379 2379 512 2440 estnon
534 2374 652 2456 exigua
673 2375 766 2459 eopia
789 2376 860 2458 qui,
884 2393 1077 2457 quamquem
1099 2376 1258 2460 pertinent
1279 2383 1316 2443 ut

162 2477 217 2558 qui
239 2475 379 2542 maxime
401 2474 443 2539 ad
466 2474 527 2541 hoc
550 2476 749 2560 corruptelae
770 2495 887 2560 genus,
915 2476 1053 2544 latentes
1075 2483 1181 2544 tamen
1209 2476 1316 2546 adhuc

161 2577 273 2644 intacti
294 2576 408 2643 iacent.

137 2665 139 2675 ¹
246 2679 353 2746 Veluti
375 2715 416 2723 —
438 2678 544 2762 placet
559 2676 644 2744 enim
667 2683 702 2743 nt
716 2698 737 2743 a
750 2678 925 2745 leuioribus
944 2677 1109 2763 capiamus
1131 2679 1256 2746 initium
1272 2717 1313 2727 -
1335 2759 1337 2762 ¹

132 2791 134 2794 ’
161 2780 278 2847 nullius
301 2781 407 2846 adhuc
428 2781 610 2846 coniectura
630 2779 665 2843 in
694 2780 927 2847 retractationis
956 2780 1171 2865 suspicionem
1199 2780 1315 2847 incidit

160 2881 194 2946 in
208 2881 413 2949 festinissima
429 2902 468 2949 ea
482 2901 608 2963 scaena,
631 2880 665 2945 in
687 2899 751 2962 qua
766 2881 941 2966 Chrysalus
965 2881 1040 2947 ficta
1060 2882 1119 2948 illa
1141 2880 1182 2947 de
1201 2882 1310 2949 Archi-

139 2982 297 3050 ·demidis
319 2983 454 3068 hospitis
476 2982 589 3049 fraude
613 2987 645 3047 et
668 2981 708 3047 de
735 3002 812 3050 auro
839 2983 872 3048 in
899 2980 981 3050 aede
1002 2984 1128 3051 Dianae
1150 2983 1312 3068 Ephesiae

160 3083 305 3169 deposito
328 3084 509 3172 narratione
532 3102 621 3149 erum
644 3082 771 3166 decipit.

466 3331 711 3400 Bacchidum
733 3331 938 3416 specimen
960 3333 1001 3398 X.

652 3455 699 3498 Act.
712 3454 730 3496 ll
749 3466 782 3499 sc.
795 3457 817 3498 3.

243 3573 314 3637 Hac
335 3571 369 3636 in
390 3589 508 3636 scaena
529 3589 607 3653 prae
630 3569 744 3636 ceteris
766 3567 846 3633 illud
868 3573 1033 3632 teneamus
1055 3572 1195 3650 oportet,
1219 3569 1308 3650 quod

157 3673 342 3739 felicissime
356 3691 478 3752 seruus,
502 3691 564 3752 quo
588 3670 704 3736 certius
726 3669 823 3735 fidem
846 3666 1032 3734 commentis
1054 3668 1119 3733 suis
1140 3676 1242 3757 paret,
1265 3673 1308 3736 nd

115 3759 116 3762 ¹
156 3771 306 3835 narrandi
325 3770 488 3852 quoddam
510 3791 611 3853 genus
634 3790 704 3838 sese
726 3770 868 3854 applicat
889 3769 930 3833 ab
952 3767 1017 3834 illis
1039 3769 1179 3833 maxime
1200 3770 1233 3835 in
1256 3791 1305 3851 co-

156 3871 297 3938 tidianae
319 3872 406 3938 uitae
428 3892 488 3938 usu
510 3872 656 3938 adhiberi
678 3871 816 3956 solitum,
839 3871 903 3953 qni,
927 3870 1012 3951 quod
1033 3870 1097 3955 ipsi
1119 3870 1208 3935 breui
1231 3878 1307 3938 ante

155 3980 211 4040 aut
234 3973 358 4057 experti
381 3973 445 4038 sint
467 3976 522 4038 aut
543 3960 716 4055 gesserint,
747 3992 818 4038 oum
839 3971 1011 4063 iactatione
1033 3970 1172 4053 quadam
1200 3973 1304 4054 graui·

155 4075 294 4156 tutisque
310 4074 417 4160 speeie
433 4080 603 4158 exponunt.
641 4075 764 4156 ltaque,
788 4093 858 4139 cum
874 4072 1130 4155 simplicissimae
1153 4074 1304 4156 cuiusque
1370 4120 1377 4133 .

154 4177 201 4242 rei
233 4176 359 4260 pusillis
391 4176 567 4242 rationibus
600 4175 769 4257 diligenter
801 4173 970 4257 explicatis
1002 4173 1239 4239 accuratissime
1269 4178 1305 4238 ut

155 4277 297 4358 quidque
325 4282 431 4343 actum
459 4276 501 4343 sit
529 4276 680 4343 describit
714 4275 895 4356 crebrisque
922 4273 1162 4367 repetitionibus
1191 4272 1304 4358 ampli·
1384 4293 1396 4300 ·

154 4378 408 4445 ficata'oratione
423 4382 524 4445 totum
539 4380 629 4445 illum
651 4378 693 4459 ad
716 4376 935 4461 accipiendam
957 4377 1004 4442 rei
1026 4394 1182 4440 summam
1204 4376 1305 4441 inten-

155 4479 217 4563 dit,
240 4478 411 4546 subaudire
434 4478 669 4560 quodammodo
691 4479 790 4544 risum
810 4476 912 4562 ipsius
934 4476 1026 4542 nobis
1048 4475 1203 4561 uidemur,
1225 4494 1306 4561 gau·

1059 4595 1096 4647 9*
