2940 5144
207 330 248 391 86
607 328 781 385 Gualtbarius
799 329 970 384 Brachmann

207 504 374 570 molestam
399 501 559 583 quandam
581 501 687 568 inesse
710 523 857 569 moneam
879 501 1117 583 uerbositatem,
1141 519 1240 581 quare
1263 500 1364 565 inter-

206 606 333 690 polatas
350 624 420 670 csse
435 603 579 687 suspicor
592 623 705 669 uersus
726 608 786 667 522
810 603 1018 688 posteriorem
1041 608 1175 687 partem,
1195 601 1364 682 sequentis

205 707 352 793 priorem.
396 703 490 784 Quod
512 706 672 788 glossema
695 705 780 771 unde
809 710 911 771 ortum
941 706 998 788 sit,
1028 703 1201 788 perspicies
1230 703 1363 770 conlato

205 828 234 873 u.
252 811 312 873 533
337 806 390 889 (oi.
413 805 497 885 690).
541 806 617 872 Noli
639 807 722 872 enim
746 807 876 874 credere
899 812 947 872 ter
972 808 1005 871 in
1035 812 1185 888 quattuor
1211 805 1363 871 uersibus

205 910 338 977 iterasse
360 910 511 976 Plautum
534 908 721 993 languidum
744 908 825 974 illud
846 929 940 971 causa
962 929 1029 970 mea
1043 905 1077 991 ¹).

290 1098 310 1174 ξ
335 1099 382 1160 17.
427 1096 544 1161 Verum
568 1093 728 1160 enimuero
752 1093 846 1162 doleo
869 1094 954 1162 idem
978 1092 1063 1176 quod
1085 1093 1200 1158 hocin
1223 1093 1294 1158 loou
1320 1092 1363 1160 de

207 1196 398 1280 Ussingii
419 1195 667 1263 iudicauerimus
682 1195 848 1280 sententia,
871 1197 903 1261 in
919 1202 1041 1263 ceteros
1057 1198 1123 1260 fere
1138 1213 1248 1260 omnes
1264 1194 1362 1261 buius

206 1295 474 1364 fabulaecadere
498 1300 602 1380 locos,
631 1298 671 1363 de
700 1298 816 1380 quibus
844 1298 935 1364 nobis
964 1298 1023 1363 crit
1051 1295 1286 1382 disputandum.
1334 1296 1362 1359 n

207 1398 296 1465 cuius
315 1398 465 1482 editione,
489 1400 606 1485 qnippe
628 1419 710 1481 quae
732 1401 913 1484 nuperrime
937 1400 1052 1466 emissa
1074 1400 1116 1464 sit
1138 1394 1181 1478 (a.
1202 1398 1308 1480 1878),
1334 1399 1362 1464 si

207 1498 391 1566 existimare
407 1501 498 1585 uelis,
522 1520 679 1582 quaenam
695 1502 736 1566 sit
758 1503 844 1586 apud
865 1502 957 1568 huius
980 1501 1095 1568 aetatis
1117 1499 1261 1566 homines
1284 1499 1360 1567 doe

207 1608 257 1668 tos
278 1602 405 1682 generis
426 1603 512 1668 illius
536 1603 673 1686 cognitio
696 1624 734 1670 ao
756 1602 991 1685 quodammodo
1020 1601 1217 1668 informatio:
1245 1621 1362 1669 uereor

207 1723 248 1768 nc
269 1710 354 1770 retro
377 1705 511 1771 cessisse
534 1707 640 1796 potius
663 1725 759 1787 quam
781 1704 955 1789 profecisse
977 1704 1153 1771 uideamur.
1269 1772 1273 1778 ,

292 1806 342 1871 An
358 1805 444 1889 apud
461 1826 531 1873 aum
549 1813 660 1873 censes
674 1807 831 1889 integrum
847 1805 959 1872 harum
975 1826 1079 1872 rerum
1103 1825 1173 1873 esse
1195 1803 1361 1887 iudicium,

207 1907 261 1989 qui
283 1926 410 1973 uersum
437 1912 494 1971 149
518 1928 539 1973 a
561 1907 734 1975 Ritschelio
757 1908 948 1990 iampridem
971 1908 1140 1991 expulsum
1164 1907 1278 1973 iterum
1301 1925 1362 1989 pro

207 2007 344 2088 genuino
367 2011 536 2092 amplexus
558 2029 622 2075 una
644 2029 715 2075 oum
738 2009 899 2075 simillimo
926 2008 1072 2091 sequenti
1100 2008 1252 2075 retinuit?
1271 2046 1275 2055 ·
1297 2007 1363 2087 Qui

206 2127 318 2198 uersus
339 2112 400 2174 393
413 2129 494 2192 sqq,
518 2130 597 2191 quos
620 2112 705 2176 nullo
729 2111 824 2176 modo
848 2116 933 2177 stare
955 2130 1049 2194 posse
1070 2110 1136 2175 iam
1151 2109 1290 2175 Weisins
1312 2109 1362 2173 in-

207 2209 346 2293 tellexit,
372 2205 489 2278 ‘locum
515 2230 642 2295 prorsus
664 2204 861 2277 Plautinum'
889 2231 959 2279 esse
981 2211 1151 2293 iudicauit,
1179 2231 1219 2276 no
1241 2229 1363 2293 operae

208 2311 337 2393 quidam
360 2313 496 2395 pretium
519 2331 590 2378 esse
613 2313 784 2377 arbitratus
807 2333 984 2398 exponere,
1015 2333 1153 2394 quonam
1182 2311 1363 2378 sententiae

208 2413 335 2479 uinculo
352 2433 422 2478 cum
439 2414 553 2480 ceteris
571 2413 729 2479 coniuncti
751 2420 858 2480 essent
880 2422 936 2481 aut
958 2414 1036 2495 quid
1058 2415 1186 2481 omnino
1209 2413 1271 2480 sibi
1295 2415 1363 2479 uel-

208 2514 296 2578 lent?
340 2513 448 2592 Quid?
479 2513 566 2597 quod
587 2535 697 2581 uersus
722 2521 783 2581 166
795 2536 843 2598 sq.
866 2536 969 2598 aequo
990 2517 1059 2582 iuro
1085 2517 1119 2580 in
1141 2516 1364 2581 Plautinorum

208 2619 358 2679 contentu
373 2614 503 2681 retineri
518 2617 679 2683 contendit
697 2637 736 2683 ac
761 2624 819 2684 160
831 2636 889 2701 sq,
912 2619 1060 2683 nimirum
1081 2618 1208 2683 illorum
1230 2636 1365 2700 prorsus

207 2716 366 2798 geminos,
400 2717 571 2802 obiurgans
601 2719 794 2803 Scyffertum
824 2720 1096 2802 Teuffeliumque‚
1126 2719 1182 2799 qui
1209 2717 1244 2782 id
1274 2717 1365 2798 quod

207 2818 301 2883 unice
315 2837 425 2884 uerum
442 2825 491 2886 est
505 2808 663 2904 uiderunt,
687 2822 832 2888 refellere
847 2827 956 2888 tamen
979 2840 1086 2886 eorum
1109 2823 1298 2901 argumenta
1318 2840 1364 2886 ne

207 2937 376 3001 aggressus
393 2920 532 3004 quidem,
556 2942 627 2988 cum
643 2924 743 2990 satius
757 2924 920 2991 uideretur
939 2922 1020 2987 baec
1041 2921 1228 2986 adnotasse:
1248 2914 1363 2986 ‘Teuf-

207 3018 284 3085 felio
299 3027 428 3104 propter
443 3022 526 3088 hanc
544 3025 784 3092 similitudinem
808 3045 918 3092 uersus
941 3024 1065 3107 spurios
1088 3021 1242 3087 iudicanti
1264 3041 1362 3089 nomo

207 3120 301 3186 facile
317 3116 465 3189 accedet?
502 3125 596 3192 Adde
612 3125 698 3209 quod
717 3145 874 3207 nusquam
896 3127 962 3193 fere
985 3147 1025 3192 ex
1047 3125 1097 3207 iis,
1120 3144 1203 3205 quae
1225 3122 1364 3191 adnotat

206 3222 240 3286 in
263 3225 506 3309 commentario,
529 3225 669 3292 dilucide
693 3229 840 3309 cognosci
862 3232 981 3311 potest,
1004 3231 1109 3292 utrum
1132 3244 1152 3288 a
1173 3225 1363 3309 posterioris

207 3326 323 3391 aetatis
346 3327 444 3394 sciolo
468 3327 607 3407 quodam
629 3327 854 3409 interpolatum
877 3348 918 3393 an
940 3349 980 3395 ex
1003 3332 1112 3393 uetere
1141 3326 1364 3410 dittographia

206 3431 309 3490 ortum
333 3447 404 3494 esse
427 3428 568 3508 aliquem
597 3429 702 3493 locum
730 3428 916 3511 arbitretur,
945 3430 1137 3513 saepiusque
1167 3427 1362 3513 dubitanter,

208 3545 304 3607 quam
320 3537 405 3594 certo
421 3529 530 3609 aliquo
544 3535 732 3611 argumento
748 3528 883 3596 confisus
900 3530 940 3596 de
954 3531 1100 3597 uersibus
1118 3536 1173 3594 aut
1195 3530 1361 3613 expellen-

208 3625 257 3692 dis
279 3634 336 3692 aut
357 3628 533 3695 retinendis
553 3627 706 3695 iudicium
729 3631 835 3696 iacere
857 3632 1017 3714 praetulit.

291 3727 375 3794 Nolo
399 3735 506 3795 tamen
527 3729 665 3811 iniquius
693 3731 835 3798 iudicare
865 3733 905 3798 de
935 3731 1021 3797 itlius
1044 3751 1157 3814 opera,
1189 3751 1272 3812 quae
1296 3751 1362 3799 uno

146 3917 149 3921 Ι
207 3836 293 3897 certe
307 3830 341 3895 in
356 3831 426 3897 loco
444 3831 485 3897 ad
508 3831 568 3897 hoc
590 3835 787 3916 corruptelae
809 3854 909 3918 genus
931 3834 1110 3918 pertinente
1131 3832 1178 3897 ita
1201 3832 1360 3916 enitescit,

293 3983 318 4044 1)
337 3978 405 4034 Tale
423 3979 487 4050 qnid
504 3981 694 4050 Kiesslingium
711 3998 817 4053 quoque
839 3984 955 4039 sensisse
976 3982 1114 4051 suspicor,
1139 3956 1200 4036 cum
1222 3982 1362 4050 integrum

208 4080 233 4118 u.
246 4067 295 4118 523
313 4064 391 4119 uncis
408 4064 565 4121 includeret.
