2940 5144
372 831 415 885 De
432 829 599 884 Bacchidum
620 829 762 884 Plautinae
779 828 973 884 retractatione
990 831 1123 887 scaenica.
1256 831 1313 893 131

161 1001 274 1085 petitis
290 999 374 1066 effici
396 1006 440 1080 ut,
464 1017 547 1079 quae
561 1004 740 1083 repugnent
755 1005 873 1084 aperte·
888 1000 949 1085 ipsi
970 1001 1099 1069 fabulae
1120 1012 1318 1088 argumento,

164 1103 287 1170 scilicet
308 1099 436 1184 Lydum
459 1100 610 1166 simulare
631 1098 707 1165 inde
730 1101 879 1166 continuo
902 1119 974 1167 sese
996 1101 1116 1185 egredi,
1138 1104 1223 1171 unde
1244 1126 1316 1173 enm

164 1210 239 1287 post
262 1201 313 1267 CC
335 1204 402 1266 iere
423 1220 573 1266 uersuum
594 1200 798 1267 interuallum
814 1207 983 1268 exeuntem
1000 1201 1127 1269 demum
1142 1225 1314 1290 conspexe-

165 1305 230 1368 rint
245 1307 450 1387 spectatores,
472 1322 535 1369 non
550 1301 611 1388 ipsi
629 1302 743 1368 Plauto
757 1302 825 1384 illa,
847 1300 906 1368 sed
927 1305 1127 1370 retractatori
1148 1305 1318 1374 tribuenda

167 1423 237 1470 esse
259 1410 376 1488 pateat.

642 1792 783 1863 CAPUT
806 1795 841 1860 V.

248 1932 334 2008 §36-
371 1929 538 1993 Exhausto
557 1928 642 1992 omni
664 1929 882 2012 exemplorum
905 1930 1008 2014 copia,
1030 1929 1064 1995 in
1086 1929 1202 2014 quibus
1224 1930 1315 1997 inda·

162 2028 277 2113 gandia
292 2028 525 2096 retractationis
540 2027 685 2112 uestigiis
700 2029 816 2114 praeiit
829 2031 968 2097 uirorum
983 2030 1147 2098 doctorum
1170 2051 1314 2117 acumen,

161 2131 225 2197 iam
240 2129 370 2214 proprio
384 2130 487 2195 Marte
506 2127 550 2194 ad
571 2129 696 2209 reliqua
717 2131 810 2196 noble
832 2129 1101 2214 progrediendum
1124 2139 1182 2198 est.
1219 2134 1314 2218 Nam,

162 2233 244 2298 sicut
265 2231 299 2296 in
320 2231 385 2297 illis
408 2250 491 2312 quae
513 2231 710 2298 absoluimns
732 2251 795 2297 non
818 2228 967 2314 deerant,
994 2231 1108 2312 quibus
1131 2235 1183 2298 uel
1205 2235 1315 2316 augeri

160 2334 212 2400 uel
229 2332 410 2400 confirmari
424 2332 565 2416 priorum
588 2337 719 2414 possent
734 2332 880 2398 inuenta:
902 2332 949 2395 ita
971 2351 1079 2398 eorum
1101 2333 1244 2399 locorum
1265 2352 1318 2398 re:

161 2435 250 2518 liqua
270 2434 357 2499 iacta
378 2438 427 2499 est
448 2452 512 2498 non
534 2433 652 2513 exigua
673 2433 766 2517 copia
789 2433 860 2516 qui,
884 2450 1077 2514 quamquam
1099 2432 1259 2517 pertinent
1281 2441 1315 2499 ut

163 2535 217 2615 qui
239 2534 379 2600 maxime
400 2531 444 2598 ad
467 2532 527 2600 hoo
550 2534 748 2617 corruptelae
769 2553 886 2619 genus,
915 2535 1052 2601 latentes
1075 2541 1182 2601 tamen
1209 2534 1316 2603 adhuc

161 2634 272 2701 intacti
294 2634 408 2700 iacent.

138 2722 139 2728 ἵ
244 2736 353 2802 Veluti
374 2772 416 2780 -
437 2735 544 2820 placet
559 2734 643 2801 enim
666 2741 702 2801 ut
716 2757 736 2801 a
750 2736 924 2802 lenioribus
943 2734 1108 2822 capiamus
1131 2736 1256 2804 initium
1271 2776 1312 2786 -

159 2837 277 2903 nullius
300 2837 405 2903 adhuc
427 2837 609 2904 coniectura
630 2836 664 2901 in
692 2837 926 2904 retractationis
955 2839 1170 2924 suspicionem
1198 2839 1312 2907 incidit

158 2937 191 3002 in
204 2937 411 3006 iestiuissima
426 2958 466 3006 ea
480 2958 606 3021 scaena,
629 2937 664 3002 in
685 2957 749 3019 qna
763 2939 939 3024 Chrysalus
962 2938 1038 3006 ficta
1058 2942 1117 3008 illa
1139 2938 1180 3006 de
1200 2941 1308 3009 Archi-

158 3037 294 3106 demidis
317 3040 452 3125 hospitis
474 3039 587 3107 fraude
610 3045 643 3106 et
665 3038 706 3104 de
733 3059 809 3108 auro
836 3041 870 3106 in
897 3039 979 3107 aede
1000 3043 1126 3111 Dianae
1149 3042 1310 3126 Ephesiae

157 3139 302 3226 deposito
324 3141 506 3209 narratione
529 3162 618 3208 erum
641 3141 769 3225 decipit.

463 3388 709 3457 Bacchidum
731 3389 936 3472 specimen
958 3390 999 3454 X.

649 3510 697 3552 ilci.
709 3509 728 3551 ll
747 3522 780 3554 sc.
793 3513 815 3552 3.

241 3624 312 3689 Hac
332 3623 366 3688 in
388 3641 506 3689 scaena
527 3641 605 3707 prae
627 3622 741 3690 ceteris
763 3622 843 3687 illud
866 3629 1031 3689 teneamus
1053 3630 1193 3708 oportet,
1217 3627 1306 3707 quod

156 3724 339 3792 felicissime
354 3743 475 3805 seruus,
499 3742 562 3804 quo
586 3724 701 3789 certius
723 3722 820 3790 fidem
843 3724 1030 3788 commentis
1052 3725 1117 3790 suis
1139 3736 1240 3814 paret,
1262 3729 1306 3793 ad

155 3823 304 3889 narrandi
323 3823 485 3905 quoddam
507 3843 608 3906 genus
631 3843 701 3891 sese
723 3825 865 3909 applicat
887 3824 928 3889 ab
951 3823 1015 3890 illis
1037 3827 1177 3891 maxime
1197 3827 1231 3892 in
1254 3848 1303 3893 oo-

155 3926 296 3993 tidianae
318 3924 404 3991 uitae
426 3945 485 3991 usu
508 3924 653 3990 adhiberi
675 3925 813 4010 solitum,
837 3925 901 4007 qui,
924 3925 1010 4006 quod
1031 3926 1094 4010 ipsi
1116 3928 1206 3993 breui
1228 3933 1304 3995 ante

155 4036 209 4094 aut
232 4024 356 4110 experti
379 4025 443 4091 sint
464 4029 519 4090 aut
541 4026 713 4108 gesserint,
745 4045 815 4091 oum
837 4026 1008 4092 iactatione
1031 4026 1170 4107 quadam
1198 4030 1301 4112 graui-

154 4131 292 4211 tatisque
308 4127 415 4212 specie
431 4131 601 4210 exponunt.
639 4128 762 4209 Itaque,
785 4147 856 4192 oum
871 4127 1127 4210 simplicissimae
1150 4131 1302 4211 cuiusque
1365 4184 1372 4196 ,

154 4234 199 4298 rei
232 4230 357 4315 pusillis
388 4229 564 4294 rationibus
597 4226 767 4310 diligenter
799 4227 967 4310 explieatis
1000 4230 1237 4295 accuratissime
1267 4235 1301 4295 ut

154 4331 294 4413 quidque
322 4336 428 4396 actum
457 4329 498 4395 sit
526 4328 678 4394 describit
711 4329 892 4409 crebrisque
920 4327 1160 4422 repetitionibus
1188 4330 1300 4415 ampli·
1377 4358 1389 4366 ·

153 4435 254 4500 ficata
263 4433 406 4498 oratione
421 4437 521 4498 totum
536 4432 626 4496 illum
648 4430 691 4496 ad
713 4429 932 4514 accipiendam
955 4429 1002 4495 rei
1024 4447 1179 4494 summam
1201 4431 1300 4497 inten-

153 4535 215 4616 dit,
238 4533 409 4600 subaudire
432 4532 667 4614 quodammodo
689 4532 788 4598 risum
808 4530 909 4616 ipsius
931 4529 1024 4596 nobis
1045 4529 1200 4616 uidemur,
1222 4552 1299 4616 gau-

1056 4648 1093 4701 9*
