2940 5144
214 292 279 354 178
323 324 326 329 ·
612 292 788 348 Gualtharius
805 292 978 346 Brachmann

218 465 299 532 mihi
321 465 451 547 quidem
473 464 541 532 ueri
564 462 651 531 haud
678 462 832 531 dissimile
860 461 988 529 uidetur
1016 461 1255 547 slmplicissima
1276 462 1372 544 longe

217 567 359 633 omnium
387 567 509 634 ratione
539 586 631 634 usum
659 563 924 633 interemisse
953 564 1043 629 illum
1073 570 1129 630 aut
1156 569 1258 630 totam
1279 565 1371 630 illam

216 667 356 736 mediam
379 688 514 735 scaenae
544 673 668 753 partem
698 674 754 734 aut
781 686 962 732 sororum
992 671 1077 747 certe
1106 664 1186 731 illud
1216 672 1373 733 secretum

216 770 427 851 conloquium.

299 874 412 954 Neque
427 872 522 939 uideo
538 890 593 936 cur
607 890 671 936 non
689 868 731 934 sit
745 868 899 936 credibile
912 868 958 933 ita
973 887 1044 934 eum
1066 868 1298 953 praecipitasse
1319 871 1367 937 rei
1446 927 1448 929 ,

216 975 346 1055 exitum,
368 978 404 1040 ut
425 980 498 1056 post
519 992 571 1039 uu.
590 973 799 1036 1133-1139
821 969 995 1036 interiectis
1017 966 1139 1037 tautum
1159 974 1370 1036 1142—1148

215 1075 324 1141 statim
353 1073 503 1155 consequi
532 1074 657 1139 iuberet
685 1092 812 1139 uersum
839 1077 934 1156 1170,
966 1071 1021 1156 qui
1047 1073 1148 1138 nostri
1176 1073 1371 1158 exemplaris
1445 1111 1447 1115 ι

217 1181 265 1242 est
288 1176 424 1257 quintos.
463 1174 556 1255 Quod
578 1175 606 1240 si
628 1174 748 1257 fecerit,
771 1178 807 1239 ut
828 1173 870 1239 ad
892 1173 1032 1240 calculos
1051 1173 1173 1240 uocatis
1192 1173 1369 1241 rationibus

216 1298 313 1361 snpra
334 1276 507 1365 propositis
527 1294 676 1343 numeros
698 1294 847 1343 uersuum
876 1282 1072 1358 computem,
1102 1295 1198 1356 quam
1220 1295 1370 1342 scaenam

111 1397 120 1405 ·
216 1379 348 1445 Plautus
364 1379 456 1443 LXX
478 1395 631 1443 uersuum
643 1376 853 1461 amplitudine
872 1376 1050 1443 luculenter
1073 1378 1231 1443 excellere
1252 1378 1370 1443 uoluis-

218 1487 276 1563 set,
300 1500 371 1546 eam
395 1477 437 1543 ad
459 1479 633 1544 XXXVIII
654 1498 802 1546 uersuum
824 1477 988 1560 angustias
1010 1477 1066 1543 ille
1089 1479 1302 1560 renouauerit,
1325 1467 1372 1544 ita

191 1561 195 1568 ⁸
217 1589 333 1664 tamen,
356 1584 391 1646 ut
405 1580 438 1644 in
454 1579 541 1646 tenui
555 1580 614 1647 illa
627 1581 776 1665 epitoma,
799 1580 828 1646 si
847 1580 950 1646 minus
973 1584 1093 1660 omata,
1118 1584 1151 1641 at
1165 1579 1247 1645 scita
1262 1580 1371 1646 omnia

130 1747 132 1751 ,
219 1690 252 1749 et
273 1682 443 1768 perspicua
466 1687 582 1749 essent.

305 1890 324 1964 ξ
348 1889 398 1950 50.
442 1884 510 1967 His,
534 1904 617 1967 quae
633 1883 847 1968 disputatione
863 1883 1069 1966 absoluimus‚
1091 1884 1275 1968 propositae
1292 1904 1373 1950 sane

218 1986 398 2069 quaestioni
420 1984 560 2051 nondum
582 1985 627 2050 ita
654 1985 853 2051 satisfactum
882 1990 947 2068 est,
977 1991 1012 2050 ut
1041 2004 1167 2070 eorum,
1197 2004 1279 2070 quae
1310 1980 1374 2050 huo

218 2087 408 2173 pertineant,
431 2087 495 2151 iarn
510 2086 590 2151 nihil
605 2093 704 2153 restet
718 2086 881 2153 intactum.
925 2088 1025 2153 Immo
1048 2086 1373 2153 additamentum

218 2191 259 2256 ab
282 2189 436 2255 histrione
459 2186 597 2269 quodam
620 2187 768 2254 adsutum
789 2188 961 2272 inrepsisse
983 2189 1126 2272 suspicor
1147 2189 1180 2254 in
1196 2208 1267 2254 eam
1282 2207 1372 2254 scae-

218 2312 303 2372 nam,
333 2309 416 2371 quae
446 2293 495 2356 est
523 2307 564 2353 ex
593 2290 725 2373 uulgata
751 2289 941 2355 numerandi
969 2290 1093 2357 ratione
1120 2287 1252 2356 secundi
1281 2295 1372 2356 actus

218 2389 375 2472 secunda;
413 2390 738 2474 dittographiam
772 2411 793 2456 a
821 2379 955 2457 duarum
972 2392 1202 2463 ,recensionum
1232 2392 1372 2456 mixtura

219 2492 426 2576 repetendam
448 2493 550 2557 latere
566 2492 598 2556 in
615 2491 801 2560 difficillimo
818 2492 965 2578 Chrysali
981 2480 1104 2558 cantico
1126 2493 1170 2557 IV
1186 2498 1220 2575 43
1245 2492 1373 2558 ditto-

166 2622 168 2625 ·
218 2592 423 2677 graphiae
445 2593 649 2675 reliquias
676 2595 711 2658 in
738 2613 875 2661 scaenae
900 2594 947 2658 ΙΙΙ
964 2598 992 2675 3,
1020 2595 1053 2658 ln
1084 2612 1178 2677 quam
1207 2614 1304 2678 supra
1326 2594 1374 2658 in-

219 2693 424 2777 quisiuimus‚
455 2698 548 2778 parte
577 2697 757 2781 superiore;
791 2696 887 2780 longe
919 2696 1188 2781 grauissimas
1217 2700 1324 2760 autem
1355 2717 1374 2761 e

219 2795 522 2863 retractatione
559 2797 703 2863 turbas
737 2817 867 2883 passam
901 2817 971 2863 esse
1000 2797 1135 2881 primam
1166 2816 1206 2861 ex
1236 2795 1374 2863 seruatis

220 2896 313 2963 huius
335 2896 467 2963 fabulae
488 2917 649 2984 scaenam,
671 2899 766 2983 illius,
797 2920 894 2983 quam
916 2890 1012 2966 modo
1034 2897 1308 2992 pertrectauimus
1330 2898 1373 2963 si-

220 2997 402 3063 millimam:
432 2999 552 3081 inqua
579 3019 650 3066 cum
678 3009 807 3086 praeter
833 3002 1030 3084 glossemata
1057 3000 1245 3067 manifestae
1274 3020 1374 3085 appa·
1422 3062 1430 3069 .

220 3103 312 3165 reant
342 3098 594 3186 dittographiae,
625 3109 746 3185 tamen,
777 3122 874 3183 quam
902 3103 969 3170 late
995 3102 1135 3188 patuerit
1155 3104 1375 3168 retractatoris

220 3221 328 3286 opera,
353 3221 423 3268 curn
444 3220 640 3286 permagnus
656 3201 926 3284 difficillimaeque
942 3211 991 3271 est
1006 3204 1200 3286 quaestionis
1215 3208 1283 3268 tum
1301 3224 1375 3268 cum

156 3341 158 3345 ·
218 3302 451 3394 perscrutando
473 3303 588 3371 latiore
610 3304 667 3372 illo
689 3303 923 3371 retractation‘rs
945 3326 1062 3390 genere
1085 3305 1375 3372 coniunctissimae.

221 3469 352 3525 mutando
369 3469 544 3526 detraxerunt
561 3471 678 3527 editores
696 3475 765 3527 tres:
785 3487 947 3541 quamquam
964 3472 1032 3528 nihil
1048 3472 1135 3529 lenius
1154 3477 1214 3527 erat
1230 3488 1312 3542 quam
1330 3487 1377 3526 ex·

220 3558 324 3623 puncta
341 3569 396 3608 una
414 3555 518 3648 syllaha
536 3556 674 3611 laecasin
693 3561 752 3611 tace
769 3572 901 3612 conuerso
919 3557 992 3612 hunc
1010 3556 1118 3611 efficere
1136 3556 1335 3627 septenarium:

218 3671 305 3726 Bac:
324 3671 420 3727 Facito
438 3673 579 3728 atracias.
607 3673 690 3729 SOR:
710 3674 790 3730 Tace.
808 3673 839 3728 tri
857 3681 931 3731 tuom
948 3676 1044 3731 facito:
1064 3690 1122 3743 ego,
1142 3676 1214 3744 quod
1232 3676 1287 3732 dixi
1301 3677 1377 3730 haud

408 3792 413 3795 -
1063 3761 1188 3831 muttb03
1259 3807 1263 3813 .

218 3856 248 3913 id
266 3860 339 3926 quod
356 3858 422 3913 lecit
438 3858 588 3915 Muellerus
606 3859 729 3916 Addend.
748 3876 774 3930 p.
789 3865 830 3927 55,
849 3861 883 3916 ef.
902 3829 979 3917 Pros.
997 3862 1038 3918 Pl.
1057 3880 1084 3932 p.
1099 3867 1160 3916 417.
1195 3861 1378 3917 Mutationem

220 3941 387 4010 defugientes
406 3945 576 4000 octonarium
594 3945 766 4000 retInuernnt
782 3945 914 4015 Berglrius
932 3946 1030 4003 Philol.
1049 3951 1069 4002 t.
1086 3946 1165 4002 XVII
1182 3963 1207 4017 p.
1219 3951 1260 4013 53,
1279 3946 1378 4002 Stude-

219 4027 336 4083 mundus
354 4029 388 4083 de
407 4029 504 4083 cantic.
523 4029 564 4083 Pl.
583 4045 610 4097 p.
624 4034 665 4095 53,
685 4028 834 4100 Ussingius.
