2940 5144
235 339 298 401 162
627 337 804 421 Gueltbarius
822 335 994 392 Brachmann

234 512 403 576 aduersum
425 531 498 596 nos,
529 509 584 577 ubi
607 509 713 576 animo
736 505 949 594 supplendum
972 505 1025 591 (ef.
1048 521 1177 576 uersum
1199 507 1281 592 seq)
1309 512 1394 574 ritae

222 613 344 696 secere
355 611 386 696 ¹).

319 714 447 798 Optime
468 712 566 797 igitur
588 732 617 778 n.
636 715 676 777 86
692 730 739 793 sq.
763 728 798 777 se
821 710 942 777 habent
963 708 1059 776 haec:
1081 711 1174 773 rodn'
1193 711 1390 798 affirmatum

234 815 319 901 quod
339 815 417 878 milri
436 824 508 878 erat
528 813 564 875 id
584 834 632 875 me
654 812 807 878 caerati:
830 811 1022 879 offirmatum
1042 811 1127 876 enim
1142 812 1303 882 Nicobulo
1319 822 1389 881 erat

232 939 296 985 non
318 917 400 984 intro
423 916 531 1000 sequi;
558 921 665 982 tamen
687 933 839 980 exorasse
860 913 926 979 iam
948 913 1119 980 uidebatur
1141 915 1279 982 Bacchis
1301 914 1388 985 idem

232 1018 314 1086 illud
335 1024 371 1084 ut
391 1024 585 1102 sequeretur.
621 1016 706 1082 Nam
722 1015 763 1081 de
785 1015 882 1083 uenia
897 1013 1005 1081 danda
1026 1016 1108 1081 haec
1122 1036 1186 1082 non
1206 1015 1294 1082 diota
1315 1038 1389 1085 esse

232 1121 311 1186 satis
334 1117 474 1186 dilucide
497 1119 661 1185 declarare
683 1117 762 1183 mihi
783 1116 933 1184 uidentur
955 1135 1037 1198 quae
1065 1117 1174 1182 statim
1196 1124 1388 1200 sequuntur:

232 1222 372 1288 alienam
393 1220 545 1286 uidelicet
565 1219 675 1288 sedem
697 1219 857 1302 obtinent,
888 1238 970 1300 quae
992 1224 1128 1285 metrum
1157 1217 1272 1284 eadem
1302 1221 1389 1288 inse·

232 1323 398 1406 quantiam
426 1340 576 1387 uersuum
601 1321 807 1403 conturbant,
836 1322 944 1405 priora
966 1340 1076 1387 uersus
1100 1323 1140 1385 86
1162 1320 1272 1387 uerba.
1287 1356 1291 1373 ,.
1316 1324 1388 1388 Iam

232 1442 309 1503 uero
331 1420 498 1489 uideamus
521 1421 562 1489 de
585 1423 760 1520 posteriore
781 1423 848 1506 illo,
870 1443 948 1489 num
969 1423 1048 1489 satis
1070 1427 1145 1507 apte
1163 1423 1236 1509 ipsa
1248 1424 1388 1491 Bacchis

233 1523 340 1590 dicere
370 1523 516 1590 uideatur
544 1522 644 1586 Sotia'
674 1543 731 1606 eqo
759 1525 838 1586 actuo
866 1524 967 1586 babeo
997 1522 1212 1608 affirmatum?
1244 1522 1388 1602 Quorum

234 1625 355 1708 duplex
377 1625 455 1708 fingi
476 1630 583 1710 potest
604 1625 839 1709 interpretatio:
862 1632 918 1692 aut
940 1625 973 1690 in
989 1625 1086 1691 talem
1106 1625 1310 1691 sententiam:
1333 1648 1388 1690 so-

232 1729 312 1790 tr'aae
334 1737 453 1791 certam
475 1725 555 1789 illud
575 1736 629 1804 eat,
654 1724 740 1810 qaod
759 1725 850 1790 modo
873 1728 1049 1810 impetrati,
1071 1725 1190 1788 scilieet
1206 1726 1316 1788 catillis
1339 1730 1387 1810 ip-

231 1828 363 1894 rroscus?
385 1835 442 1896 aut
464 1825 550 1910 quod
572 1828 605 1893 in
628 1827 764 1895 eandem
786 1828 852 1895 fere
875 1835 999 1913 partem
1014 1827 1117 1894 ualet:
1139 1829 1254 1891 reterre
1276 1827 1329 1891 dria
1354 1832 1387 1892 in

232 1932 408 1994 eorrstoatia
430 1949 487 2013 epo
506 1932 716 2012 perseuerare·
732 1931 921 2014 perstitiqce
942 1931 974 1992 ia
996 1929 1127 2000 orando,
1149 1936 1186 1991 at
1200 1949 1280 1992 nunc
1296 1951 1387 1994 ornae

231 2033 294 2092 ium
316 2020 477 2113 depulsum
498 2033 541 2093 cit
562 2030 679 2093 abillis
695 2029 892 2114 perieulum?
914 2031 997 2095 Nam
1013 2029 1111 2096 aliam
1127 2031 1317 2097 sententiam
1333 2031 1387 2098 hie

231 2131 362 2213 quidem
383 2132 570 2215 intellegere
595 2132 650 2198 uix
672 2151 851 2216 possumus,
875 2149 958 2213 quae
981 2137 1030 2197 est
1050 2131 1083 2196 in
1098 2131 1337 2200 recensionibus
1353 2140 1387 2200 et

229 2233 469 2299 Hermanniana
498 2240 530 2300 et
556 2232 775 2299 Ritscheliana
808 2231 1059 2299 enuntiationum
1094 2233 1313 2316 cohaerentia,
1350 2239 1387 2297 ut

231 2333 334 2417 possit
363 2333 539 2401 Nicobulus
569 2353 632 2401 non
659 2333 768 2416 inepte
798 2333 841 2399 ad
869 2333 926 2399 illa
955 2333 1163 2417 respondere:
1197 2331 1287 2412 Quod
1311 2332 1388 2395 dici

230 2434 335 2506 semel,
359 2432 445 2495 duod
465 2433 603 2498 mutato:
627 2435 759 2514 quaesi
783 2454 820 2500 co
841 2435 961 2500 referre
977 2435 1066 2518 uelis,
1090 2433 1176 2517 quod
1197 2436 1267 2520 ipse
1288 2433 1385 2502 Nico·

150 2534 155 2543 '
232 2535 327 2602 bulus
348 2534 382 2598 in
404 2535 618 2618 corruptelam
641 2535 811 2619 conlapsus
831 2534 916 2601 intro
939 2537 1030 2616 sequi
1051 2535 1190 2602 animum
1212 2536 1385 2620 induxerit,

232 2636 346 2702 mirum
373 2642 526 2717 quantum
555 2636 659 2703 tenuis
690 2641 722 2704 et
748 2636 916 2703 ieiunitate
938 2636 1055 2721 frigida
1077 2636 1196 2705 euadat
1216 2638 1384 2705 sententia.

231 2739 338 2819 Atque
361 2756 402 2802 ex
424 2736 474 2803 his
497 2737 625 2824 quidem
647 2737 824 2805 rationibus
847 2737 907 2804 etsi
922 2738 1036 2805 iterum
1052 2740 1252 2823 cognoscitur
1273 2738 1330 2805 nix
1346 2760 1387 2806 ae

231 2858 272 2905 ne
294 2839 350 2905 uix
373 2837 503 2920 quidem
525 2840 697 2907 consistere
720 2842 801 2908 haec
822 2860 885 2907 uno
907 2846 1017 2907 tenore
1039 2860 1111 2906 cum
1138 2839 1296 2925 prioribus
1316 2839 1387 2907 illis

231 2940 413 3007 coniuncta:
436 2940 517 3008 istae
533 2946 640 3008 tamen
656 2941 927 3026 interpretationis
950 2940 1144 3007 subtilitates
1165 2940 1246 3007 nihil
1267 2940 1311 3007 ad
1327 2962 1384 3008 no-

230 3048 330 3108 stram
344 3061 427 3108 rem:
443 3061 526 3109 nunc
542 3045 723 3125 quaerimus
739 3044 809 3127 hoc,
824 3064 899 3108 num
915 3040 1042 3109 omnino
1054 3041 1234 3109 affirmandi
1248 3042 1385 3110 uerbum

229 3142 273 3208 ad
295 3164 362 3209 rem
383 3143 484 3228 possit
506 3144 624 3228 ualere,
647 3165 730 3227 quae
751 3151 855 3210 utrum
877 3142 934 3208 fiat
948 3162 1048 3209 necne
1069 3142 1155 3228 apud
1170 3144 1267 3210 aliam
1283 3164 1384 3227 quan·

229 3243 306 3311 dam
328 3264 498 3328 personam
520 3245 562 3311 sit
582 3245 757 3311 arbitrium.
801 3241 923 3323 Quodsi
951 3244 984 3308 in
1005 3244 1153 3311 omnibus
1175 3247 1331 3330 exemplis
1354 3247 1384 3314 is

199 3392 205 3401 .
229 3351 279 3412 est
307 3349 457 3412 constans
486 3346 580 3413 huius
610 3345 700 3411 uerbi
722 3365 812 3428 usus,
843 3352 878 3409 ut
898 3344 945 3412 rei
975 3349 1031 3410 aut
1052 3345 1218 3413 faciendae
1240 3352 1383 3415 autnon

228 3444 397 3512 taciendae
411 3467 511 3530 penes
527 3448 632 3531 ipsum
648 3445 859 3513 affirmantem
875 3446 916 3510 sit
931 3451 1074 3530 potestas
1085 3446 1126 3531 2);
1150 3468 1222 3515 cum
1236 3449 1383 3533 accedat,

230 3542 316 3626 quod
338 3545 399 3610 hoc
419 3546 525 3630 ipsum
546 3545 639 3613 unice
660 3547 694 3614 in
716 3548 803 3614 uocis
825 3547 911 3613 illius
926 3548 1056 3633 propria
1077 3549 1110 3615 ui
1129 3568 1168 3615 ac
1182 3549 1309 3616 notione
1323 3571 1383 3635 po-

228 3645 325 3711 situm
348 3651 409 3712 est:
439 3668 516 3714 num
545 3647 616 3729 quis
644 3646 805 3715 dubitabit
832 3669 950 3733 negare
978 3649 1078 3716 uerba
1104 3650 1172 3732 illa,
1201 3651 1384 3734 dequibus

316 3817 341 3878 1)
359 3811 461 3867 Tamen
473 3812 525 3869 hoo
537 3812 566 3868 in
577 3815 638 3870 loco
651 3815 742 3870 nescio
757 3831 793 3871 an
810 3817 922 3886 propius
940 3815 975 3870 ad
992 3832 1086 3871 uerum
1104 3815 1274 3883 accedamus,
1292 3818 1317 3872 si
1335 3836 1383 3874 su·
1424 3838 1427 3842 ·

229 3896 365 3963 spieemur
386 3897 517 3953 excidisse
534 3913 564 3952 sc
579 3903 642 3953 ante
660 3899 816 3955 aduersum.

230 3980 449 4131 aequitirbtiaeli
465 3982 494 4037 in
511 3982 597 4038 Stichi
615 3986 737 4054 exemplo
755 3999 789 4040 ne
810 3986 931 4040 umbram
954 3985 1061 4054 quidem
1085 3985 1159 4042 dubii
1182 3985 1311 4057 relinquit
1335 3990 1385 4060 qui
