2940 5144
362 759 404 813 De
422 757 589 813 Bacchidum
606 754 749 831 Plautinae
767 755 960 812 retractatione
978 757 1112 813 scaenica.
1233 751 1310 831 '183

158 930 277 1015 -515)
301 930 543 1013 Hyginumque,
569 918 710 994 autnon
733 933 941 1008 cognoscatur
962 947 1024 1009 quo
1046 928 1117 994 loco
1139 945 1243 1008 quaue
1265 945 1308 992 cx

156 1041 247 1119 parte
270 1032 375 1099 aditus
398 1030 440 1096 ad
462 1050 568 1096 arcem
589 1030 681 1095 ruina
708 1034 838 1112 apertus
859 1029 915 1095 sit:
946 1031 984 1094 cl.
1007 1028 1158 1106 Quintum
1182 1027 1308 1113 Smym.

156 1137 222 1200 XII
242 1154 272 1200 u.
296 1137 420 1213 44111.
450 1140 482 1198 et
504 1131 651 1197 Proclum
676 1122 814 1206 Ἰλιάδος
836 1132 955 1216 μικρᾶς
980 1135 1013 1194 ct
1032 1122 1126 1193 Ἰλίου
1149 1134 1309 1215 Πέρσεως

156 1243 382 1321 excerptorem.

630 1453 833 1464 ——-..—v.--.

561 1719 830 1797 EXOURSUS
858 1721 905 1801 II.

669 1869 704 1922 ad
721 1873 736 1935 ξ
756 1874 796 1924 31.

191 2027 281 2076 Bacch.
293 2043 317 2075 u.
330 2029 375 2078 111
389 2042 439 2089 sq:
457 2026 573 2088 Namque
591 2024 628 2073 ita
645 2040 684 2073 me
702 2024 728 2073 di
745 2027 837 2083 ament,
855 2024 885 2074 uit
901 2012 1155 2089 Lycurgua'mihi
1173 2024 1276 2088 quidem

457 2109 565 2160 Videtur
581 2123 652 2172 posse
670 2109 712 2158 hic
729 2109 762 2158 ed
779 2109 918 2171 nequitiam
936 2109 1062 2159 addrioicr.

661 2245 812 2254 ——--

242 2347 395 2424 Quisnam
417 2351 503 2412 11111
524 2333 733 2429 Lycurgus
765 2344 821 2411 ille
844 2345 933 2411 uarie
955 2365 976 2411 a
997 2365 1048 2410 uu.
1072 2344 1133 2431 dd.⁴
1148 2343 1308 2428 discepta-

156 2453 224 2514 tum
246 2453 303 2514 cst.
349 2449 455 2529 Atque
481 2448 675 2529 antiquiores
704 2450 985 2529 commentatores,
1016 2446 1106 2513 uelut
1128 2433 1310 2512 Taubman-

158 2569 232 2632 nus,
255 2548 674 2616 Lacedaemoniorum
696 2549 983 2631 legislatorem
1006 2546 1219 2630 significatum
1237 2566 1310 2614 esse

158 2651 324 2733 putabant.
367 2650 512 2715 Eandem
533 2650 723 2716 sententiam
745 2648 1008 2716 Schneidewinus
1029 2649 1110 2715 Mus,
1125 2649 1225 2716 Rhcn.
1242 2649 1313 2715 1.Π

156 2772 187 2833 p.
212 2756 362 2835 115111.Χ
386 2751 565 2818 confirmari
589 2752 741 2819 censebat
762 2751 922 2818 Ammiani
951 2751 1129 2818 Marcellini
1157 2751 1311 2818 hocloco
1348 2816 1354 2820 .

156 2848 268 2932 (XXX
291 2852 357 2935 39):
378 2851 549 2938 Lycurpoc
570 2855 723 2916 incertiore
744 2875 778 2916 sc
797 2853 1004 2936 praedicabat
1024 2864 1055 2916 at
1078 2851 1200 2917 Caunios
1222 2839 1331 2914 colu!

156 2955 239 3015 ruina
261 2955 399 3016 iustitiae
419 2959 554 3038 priscus.
1364 3030 1366 3035 Ι

242 3056 380 3122 Meierus
403 3064 519 3141 autem,
543 3057 596 3139 qui
618 3057 774 3142 peculiari
796 3056 1074 3124 dissertatiuncula
1096 3054 1135 3117 dc
1154 3048 1325 3138 Lycurpo'

157 3156 189 3216 iu
204 3155 315 3219 Plauti
326 3157 539 3221 Bacchidibus
555 3159 654 3223 indici
669 3158 804 3224 Halensi
825 3179 854 3222 a.
874 3159 1006 3235 1852153
1029 3155 1207 3238 praemissa
1229 3155 1313 3220 banc

156 3257 378 3339 quaestionem
399 3260 559 3339 tractauit,
581 3258 758 3323 Marcellini
774 3259 844 3322 loco
857 3263 899 3350 ct
919 3259 976 3321 illo
1000 3261 1032 3320 et
1052 3255 1114 3320 boc
1135 3253 1245 3335 (XXII
1260 3254 1310 3338 9):

165 3356 278 3419 Verum
300 3358 354 3419 illc
371 3358 522 3421 iudicibus
540 3357 655 3420 Cassiis
667 3359 791 3420 tristior
807 3367 838 3419 ct
851 3356 1012 3439 Lycurqr‘s
1029 3355 1212 3420 doctissime
1228 3374 1312 3421 com-

157 3457 307 3541 probauit
328 3457 508 3524 Atticum
523 3457 736 3538 significatum
759 3476 833 3551 esse¹
852 3463 1070 3539 oratorem,
1094 3455 1183 3520 cuius
1198 3456 1312 3520 tristis-

161 3558 242 3622 sima
263 3556 296 3621 in
318 3557 498 3624 accusando
520 3559 675 3624 seueritas
697 3557 784 3622 haud
811 3576 903 3623 secus
927 3576 1022 3638 quam
1045 3558 1079 3622 L.
1104 3557 1207 3623 Cassii
1229 3558 1323 3629 Lon,

157 3659 225 3741 gini
248 3659 281 3723 in
302 3660 466 3740 prouerbii
489 3659 749 3725 consuetudinem
771 3661 923 3726 uenisset.
962 3661 1032 3725 Iam
1054 3678 1130 3725 uero
1153 3658 1195 3723 ad
1217 3659 1313 3725 Plau-

159 3759 259 3823 tinum
281 3760 371 3849 illum
393 3762 575 3845 Lycurgum
598 3777 768 3828 conuersus
790 3763 833 3828 ad
853 3763 936 3827 hano
955 3782 1023 3827 rem
1045 3759 1217 3843 plurimum
1231 3759 1313 3825 illud

140 3860 267 3940 ¹ualere
289 3859 419 3944 iudicat,
443 3861 530 3945 quod
552 3882 614 3927 non
637 3862 781 3929 tradatur
796 3865 977 3948 Lycurgum
994 3862 1190 3946 Spartiatam
1211 3862 1313 3927 nimia

157 3961 259 4026 tuisse
280 3960 411 4047 duritia3
438 3969 605 4048 praeterea
626 3964 752 4048 Lydum
774 3966 998 4051 paedagogum
1011 3964 1119 4030 Attico
1141 3982 1241 4046 puero
1257 3956 1312 4028 do-

159 4062 294 4127 mestica
315 4065 421 4146 potius
443 4084 619 4147 proponere
642 4065 791 4133 debuisse
813 4067 972 4149 exempla.
1010 4064 1128 4131 Contra
1154 4072 1313 4131 oratorem
1371 4064 1373 4068 ’

128 4157 131 4161 ’
157 4164 248 4229 illum
269 4164 409 4230 Atticum
433 4173 579 4232 constare
607 4168 649 4233 ab
670 4168 770 4232 uictu
799 4170 949 4248 cultuque
979 4164 1181 4231 durissimum
1203 4165 1312 4230 fuisse.

158 4265 273 4347 Neque
296 4287 314 4332 e
335 4272 514 4351 temporum
535 4268 711 4335 rationibus
727 4269 897 4353 quicquam
919 4267 995 4334 oriri
1015 4267 1226 4332 difficultatis:
1250 4265 1314 4347 Ly·

160 4387 291 4450 curgum
307 4373 464 4435 oratorem
474 4369 641 4452 probabile
653 4390 725 4437 esse
739 4370 850 4454 paucis
865 4369 958 4436 annis
972 4374 1046 4435 autu
1062 4367 1190 4449 obiisse,
1213 4385 1312 4448 quam

156 4468 331 4536 Menander
354 4471 510 4556 coepisset
532 4471 658 4538 fabulas
682 4471 808 4540 docere.
937 4477 944 4486 “
