2940 5144
233 320 295 382 160
625 321 803 377 GualtharIus
821 321 1007 378 Brachmann·

317 492 517 559 Difficillime
535 497 642 560 autem
665 500 870 560 extremae
893 512 1030 559 scaenae
1053 497 1102 558 est
1123 491 1282 558 tractatio.
1321 493 1389 560 Ubi

234 596 287 677 qui
302 594 442 678 integros
462 613 572 660 uersus
594 595 835 675 orationemque
856 612 961 674 neque
983 593 1128 659 mutilam
1149 613 1255 676 neque
1277 594 1387 659 turba-

233 703 299 763 tam
321 694 404 762 tradi
427 696 600 763 censebant
611 695 634 778 ¹)
656 696 766 780 procul
789 715 809 760 a
831 715 906 762 uero
929 695 1165 761 aberrauerunt.
1207 696 1309 761 Immo
1332 697 1387 761 uel

233 805 364 880 externa
385 796 561 881 scripturae
582 797 716 880 species,
739 797 773 861 in
795 815 858 877 qua
879 796 980 880 ipsius
1002 796 1125 862 librarii
1147 793 1385 876 quodammodo

232 898 400 984 angustiae
422 902 455 963 et
474 898 703 964 haesitationes
721 897 965 981 conspiciuntur,
989 896 1104 963 docere
1126 896 1252 980 poterat
1274 897 1388 962 luxata

232 1001 431 1082 disiectaque
445 1019 497 1065 uu.
511 1001 636 1064 87-90
653 999 759 1064 iacere
776 1003 808 1065 et
823 1017 973 1064 uersuum
990 1004 1023 1090 et
1036 1017 1216 1066 sermonum
1230 999 1387 1064 membra.

232 1103 322 1180 Quae
343 1108 380 1168 ut
400 1100 698 1167 reconcinnarentur
724 1106 756 1165 et
776 1099 931 1166 leniorem
953 1099 1048 1166 facile
1076 1106 1109 1166 et
1136 1099 1387 1184 probabiliorem

230 1223 288 1287 per
310 1222 356 1286 se,
379 1221 476 1283 quam
497 1200 716 1282 Ritschelium‚
739 1202 1007 1267 Hermannum
1028 1199 1244 1277 iudIcouiam
1265 1199 1388 1284 iniisse,

232 1305 288 1385 qui
312 1304 371 1370 hos
395 1308 544 1384 quattuor
567 1301 729 1367 constituit
750 1322 876 1369 uersus:

234 1441 245 1488 1
274 1435 352 1489 Hanc
362 1432 530 1490 ueniamillh
540 1436 635 1489 sinete
645 1430 760 1488 exorem.
776 1433 850 1488 NIG:
863 1435 901 1489 Vt
910 1435 1037 1489 terebrat.
1048 1435 1114 1489 satis
1124 1432 1286 1490 affirmatum
1309 1438 1342 1488 86
1353 1435 1387 1488 B.

233 1524 248 1573 2
275 1519 354 1587 Quod
372 1519 408 1572 mi
426 1516 501 1586 erat,
524 1520 612 1573 idme
632 1521 735 1573 exorat.
759 1521 807 1572 tua
824 1519 903 1587 <iam>
921 1535 980 1574 sum
999 1533 1082 1586 opera
1105 1517 1133 1572 11
1153 1522 1266 1588 propter
1286 1522 1315 1570 te
1336 1519 1388 1572 im-

232 1693 247 1742 3
274 1687 359 1742 Bac:
383 1687 442 1743 Nae
459 1690 494 1742 tis
512 1703 592 1758 quam
611 1703 670 1743 mea
688 1687 793 1741 uelle'm.
817 1679 897 1742 satin'
916 1602 1069 1755 ergdbhlhirc
1091 1685 1178 1741 habeo
1200 1605 1389 1762 1111110011ῗῖ
1420 1760 1423 1764 Ι

1301 1771 1312 1805 b
1378 1781 1389 1807 s

231 1863 246 1910 4
272 1855 346 1911 NIC:
366 1855 445 1925 Quod
457 1856 512 1912 dixi
526 1858 617 1925 semel,
635 1857 709 1913 haud
721 1857 839 1912 mutabo.
870 1856 954 1910 BAO:
973 1856 999 1910 It
1016 1855 1081 1920 dies,
1099 1857 1136 1909 111
1153 1853 1232 1926 (huc)
1249 1775 1322 1973 100111)
1339 1775 1388 1909 ἓξ·

945 1940 1071 1994 cdbitum.
1276 1942 1308 1993 89
1325 1978 1332 1991 .
1352 1944 1386 1993 90

232 2058 431 2128 acquiescerem
448 2059 477 2114 in
494 2059 547 2113 hac
565 2060 682 2128 ratione,
707 2061 731 2115 si
749 2074 846 2113 sanum
869 2074 979 2114 sensum
1003 2058 1100 2111 elicere
1122 2069 1231 2126 possem
1253 2069 1268 2108 1
1292 2056 1388 2111 uerbis

230 2144 402 2214 experior
420 2150 525 2199 tecum
542 2147 610 2199 aim
628 2145 801 2199 reatorem.
834 2144 958 2212 Apparet
976 2142 1046 2196 enim
1065 2140 1181 2195 alienam
1200 2154 1261 2193 esse
1279 2140 1314 2194 ab
1332 2141 1388 2195 hoc

229 2228 290 2281 loco
308 2242 368 2282 eam
384 2227 530 2293 notionem,
550 2245 603 2296 qua
620 2229 758 2282 Inuenitur
775 2230 818 2281 uis
835 2227 923 2281 maior
940 2226 1014 2293 apud
1032 2225 1148 2279 Plinium
1163 2240 1190 2278 n.
1200 2223 1227 2276 h.
1243 2222 1336 2278 XVIII
1352 2228 1386 2280 '28

231 2317 258 2364 et
271 2311 344 2379 apud
359 2310 413 2364 Cic.
426 2328 476 2379 pro
489 2312 634 2375 Plancti,
647 2317 702 2378 101,
721 2311 769 2365 ubi
787 2312 819 2364 de
836 2311 894 2364 lato
909 2311 1076 2378 ,casibusque
1093 2307 1249 2378 ImprouisIs
1268 2308 1385 2378 dicitur;

230 2409 317 2462 neque
336 2395 479 2462 quicquam
497 2395 653 2464 proficimus
672 2409 765 2448 eorum
782 2395 903 2448 locorum
927 2393 1140 2462 comparatione,
1165 2392 1262 2460 quibus
1282 2393 1387 2446 Guliel-

229 2477 299 2530 mius
318 2476 440 2553 Quaestt.
458 2479 487 2531 in
504 2479 605 2531 Bacch.
625 2493 684 2546 cap.
699 2482 713 2531 3
732 2482 760 2532 et
777 2479 871 2532 Dousa
888 2478 1004 2546 Explan.
1022 2477 1068 2532 lib.
1085 2478 1111 2531 11
1129 2493 1151 2530 c.
1166 2481 1197 2530 25
1222 2477 1388 2545 scripturam

229 2563 261 2614 ai
271 2563 374 2615 saniore
385 2562 551 2629 probabant:
572 2561 626 2615 Cic.
636 2578 677 2630 pr.
689 2560 795 2628 Quinct.
808 2567 847 2625 11,
857 2566 897 2616 38.
910 2563 998 2616 Plaut.
1010 2561 1073 2616 (list.
1084 2561 1110 2614 Il
1122 2565 1144 2626 1,
1157 2567 1196 2614 11.
1222 2562 1243 2616 1.
1253 2561 1388 2630 Langlaei

230 2651 320 2699 autem
333 2646 393 2714 quis
406 2628 538 2700 laudabit'
546 2644 805 2713 interpretationem,
824 2662 904 2714 quam
922 2646 1049 2700 adferunt
1061 2646 1256 2700 Taubmannus
1275 2651 1303 2701 et
1315 2646 1387 2701 Gro·
1451 2707 1453 2712 .

229 2730 343 2785 nonius:
363 2730 550 2799 accipiendum
562 2745 622 2785 esse
640 2729 673 2784 de
690 2731 719 2784 ui
736 2735 784 2784 aut
802 2731 924 2786 uindicta
941 2731 1059 2800 publice,
1080 2745 1159 2797 quam
1176 2730 1306 2785 maiorem
1323 2746 1386 2786 esse

229 2815 338 2884 priuata
348 2815 536 2870 iurisconsulti
548 2814 680 2869 doceant?
710 2814 761 2868 Oui
778 2831 833 2869 non
849 2819 971 2885 praestat
989 2815 1125 2870 sententia
1142 2816 1291 2871 nouissimo
1311 2832 1386 2870 com-

228 2900 375 2952 mentatori
392 2899 516 2967 probata,
535 2898 631 2966 quide
649 2899 781 2954 aedilibus
799 2899 966 2954 aduocandis
984 2899 1099 2967 cogitari
1116 2900 1212 2955 uoluit.
1248 2899 1386 2969 Equidem

217 2981 396 3036 'confidenter
416 2981 568 3050 negandum
585 2989 651 3051 puto
669 2983 743 3037 aliud
761 2983 905 3053 quicquam
928 2998 1009 3054 posse
1031 2987 1079 3038 aut
1100 2984 1219 3053 intellegi
1236 2990 1284 3039 aut
1302 2985 1385 3054 signi·

229 3066 342 3121 ficatum
360 3065 444 3121 fulsse
461 3066 520 3120 istIs
540 3067 630 3120 uerbis
649 3067 701 3120 nisi
718 3067 814 3121 minari
829 3068 992 3123 Nicobulum
1010 3067 1102 3122 stetim
1120 3083 1150 3122 se
1166 3069 1221 3122 uim
1240 3071 1267 3122 et
1286 3084 1385 3123 manus

229 3144 411 3204 Bacchidibus
420 3150 568 3203 inlaturum
578 3165 647 3218 esse3
661 3151 810 3205 rectissime
818 3151 901 3218 igitur
911 3151 1118 3207 Taubmannus:
1131 3167 1260 3206 uersuum
1273 3157 1336 3207 1141
1344 3167 1384 3220 sq.

229 3234 416 3289 recordatione
433 3248 490 3288 rem
508 3233 647 3301 explicari.
680 3235 765 3303 Atqui
783 3236 904 3290 desidero
925 3241 981 3289 tam
1004 3237 1128 3290 insolitae
1151 3236 1384 3304 breuiloqusntiae

229 3319 358 3388 exempla.
386 3318 458 3387 Ergo
471 3317 604 3372 excidisse
616 3318 718 3387 ahquid
733 3318 889 3387 suspicatus
907 3319 975 3375 duos
992 3320 1212 3388 redintegrandos
1231 3319 1301 3375 duco
1320 3335 1383 3390 sep-

229 3402 347 3457 tenarios
365 3403 417 3457 hoc
436 3402 573 3471 exemplo:
1253 3418 1257 3426 “

263 3487 334 3551 Eho,
353 3485 418 3554 quid
436 3487 505 3542 uos?
523 3502 596 3540 nunc
615 3487 695 3541 etiam
713 3486 791 3540 nobis
809 3486 921 3541 redditis
939 3487 1009 3544 filios
1028 3495 1056 3543 11
1073 3487 1191 3556 seruom,
1224 3544 1231 3562 ‚

262 3572 306 3622 An
318 3584 367 3636 ego
380 3569 505 3638 experiar
518 3575 614 3634 tecum,
632 3574 692 3624 riter
707 3570 806 3625 habeat
823 3561 919 3640 pugnis
937 3571 993 3626 uim
1010 3573 1157 3628 maiorem?
1176 3592 1196 3626 :2
1209 3570 1286 3631 Abin
1298 3573 1382 3626 hinc?

230 3654 264 3709 cl.
284 3652 368 3707 Stich.
381 3659 427 3708 311
449 3654 519 3708 conl.
537 3655 635 3723 Amph.
650 3659 707 3708 390.
720 3659 777 3708 396.
812 3654 883 3708 Nam
901 3657 1103 3712 coniunctiuum
1126 3673 1257 3725 reponere
1280 3658 1382 3727 uulgati

229 3739 317 3792 adhuc
335 3739 466 3809 experior
483 3739 543 3793 loco
557 3738 621 3804 quin
634 3753 745 3793 necesse
757 3739 793 3794 sit
810 3740 858 3808 uix*
875 3739 1053 3796 dubitabitur:
1073 3740 1107 3795 ci.
1121 3741 1183 3795 Ter.
1197 3742 1311 3811 Adelph.
1324 3748 1380 3796 128.

228 3823 299 3878 Eun.
311 3827 360 3878 603
370 3838 428 3891 sqq.
447 3823 535 3876 Plaut.
545 3822 619 3876 Trin.
630 3827 688 3876 968.
700 3854 733 3862 —
752 3823 878 3878 Ceterum
889 3824 925 3878 sd
938 3825 1120 3880 clausularum
1137 3826 1226 3880 locum
1243 3827 1382 3896 pertinent

229 3913 369 3975 praeterea
387 3921 457 3974 quae
473 3923 536 3962 mox
556 3907 588 3962 de
605 3924 650 3962 uu.
673 3912 736 3962 1158
746 3924 785 3977 sq.
804 3909 968 3979 disputanda
985 3916 1070 3967 erunt.

316 3995 339 4056 1)
358 3990 420 4045 Vid.
434 3991 605 4060 Spengelium
618 3998 645 4047 et
656 3992 869 4050 Studemundum
888 3995 917 4049 ll.
931 4011 952 4050 s.
967 4011 1002 4049 ss.
1023 3994 1326 4054 con1.MuelleroPr0s.
1340 3998 1381 4052 Pl.

229 4091 255 4143 p.
275 4080 330 4128 140,
