2940 5144
167 320 207 381 78
567 318 744 374 Gualtharius
761 318 934 377 Brachmann

167 513 229 578 quo
252 493 286 559 in
308 510 440 559 numero
462 496 575 576 sponte
598 509 634 555 se
662 491 883 557 continuerunt
910 491 1031 574 priores
1059 491 1146 559 duae
1173 490 1328 558 nimirum

167 596 209 661 ab
232 592 458 661 additamentis
481 592 653 677 profectae.

249 698 356 778 Atque
372 694 432 762 hoc
455 693 584 782 quidem
600 692 736 760 Poenuli
758 694 838 776 loco,
862 695 889 760 si
913 693 990 776 quid
1011 694 1210 778 profecimus
1231 714 1323 782 supe

165 799 249 865 riore
266 796 491 882 disputatione,
515 794 620 878 quarti
634 794 760 877 generis
776 793 1014 878 integerrimum
1031 796 1191 865 habemus
1216 816 1323 865 exem·

164 903 250 986 plum
260 899 298 981 1);
321 898 453 967 6661111
468 896 591 980 insigne
607 916 704 962 unum
720 896 881 980 specimen
898 918 940 964 ex
954 898 1151 966 Bacchidem
1166 918 1213 966 sc.
1229 900 1279 967 lv
1290 904 1322 966 3·

164 1003 248 1069 infra
257 1000 448 1068 adferemus.
476 999 513 1064 ln
528 997 630 1082 primo
642 1004 750 1065 autern
764 1018 882 1080 genere
893 1005 1070 1082 uersentur,
1086 1020 1171 1083 quae
1182 999 1220 1068 0.
1235 1001 1322 1069 Rib-

162 1102 333 1171 beckius
361 1103 396 1168 in
416 1101 520 1167 Musei
543 1099 687 1166 Rhenani
716 1105 803 1167 torno
825 1101 935 1167 XXIX
957 1122 988 1186 p.
1012 1104 1116 1184 1366.
1139 1101 1183 1169 de
1205 1103 1323 1171 Militis

163 1205 303 1272 Gloriosi
324 1202 471 1269 uersibus
493 1203 674 1266 637-672
702 1199 893 1285 disputauit,
922 1203 1045 1268 scilicet
1073 1203 1101 1268 si
1128 1204 1322 1288 probauerit

162 1307 221 1373 Fr.
245 1301 529 1385 Schmidtium,
558 1302 591 1367 in
621 1300 867 1379 Quaestionibus
896 1302 937 1370 de
965 1305 1072 1369 Plauti
1098 1304 1201 1372 Milite
1234 1308 1320 1377 Glor.

161 1429 193 1493 p.
210 1408 378 1472 347-352
401 1404 631 1486 digressionem
653 1403 743 1470 illam
765 1403 840 1471 inde
855 1424 876 1471 a
890 1426 921 1471 u.
938 1409 1000 1470 612
1016 1406 1058 1471 ad
1074 1412 1135 1473 165
1152 1407 1320 1495 Ι1111631611

162 1505 378 1576 retractatoris
401 1525 472 1572 esse
494 1504 746 1571 additamentum
770 1506 1038 1591 autumantem2):
1068 1506 1111 1574 ad
1134 1509 1224 1590 quod
1253 1513 1318 1594 qui-

163 1612 236 1678 dem
264 1607 382 1694 pariter
410 1607 546 1691 pertinet
575 1606 773 1673 Curculionis
794 1609 977 1692 exemplum
1008 1609 1050 1690 (u.
1075 1612 1320 1697 288—298)a

163 1708 385 1779 (16661616
408 1709 442 1773 in
457 1707 601 1776 eiusdem
616 1708 718 1775 Musei
739 1716 824 1775 tomo
839 1710 981 1776 XXXIV
1003 1731 1033 1796 p.
1051 1715 1223 1778 663-668
1248 1715 1317 1780 illu-

161 1821 305 1895 stratum,
328 1829 466 1877 necnon
481 1810 589 1891 aliquo
612 1809 717 1894 modo,
742 1831 824 1894 quae
847 1812 943 1897 paulo
966 1819 1040 1897 post
1062 1813 1102 1879 de
1117 1814 1318 1883 Bacchidum

161 1914 308 1982 uersibus
331 1914 499 1977 333-463
524 1911 753 1978 enarrabimus.
839 1972 843 1976 .

247 2014 395 2081 ceterum
411 2012 716 2079 666111161616111611
732 2033 829 2095 quarn
850 2015 1089 2082 enucleauimus
1111 2017 1319 2100 partitionem

160 2139 201 2185 ne
222 2117 255 2182 in
276 2115 403 2201 pusillis
425 2116 521 2181 rebus
543 2114 646 2199 iisque
668 2115 835 2182 inutilibus
856 2114 993 2183 habeas:
1015 2137 1091 2182 num
1113 2118 1191 2199 quid
1205 2121 1320 2188 ualeat

160 2217 203 2286 ed
218 2217 302 2283 hanc
316 2216 535 2300 quaestionem
550 2216 675 2300 plenius
695 2217 952 2301 perspiciendam
975 2225 1043 2298 turn
1065 2219 1183 2286 rectius
1204 2222 1316 2288 existi·

157 2319 314 2400 ¹mabitur‚
345 2336 416 2383 curn
438 2316 555 2398 aliquis
577 2315 710 2401 perinde
739 2335 777 2383 ac
804 2338 863 2385 nos
885 2319 991 2385 Plauti
1013 2319 1191 2388 Bacchides
1221 2324 1318 2406 quasi

161 2418 356 2505 prouinciam
373 2417 578 2502 suscepimus,
595 2437 636 2483 ex
651 2417 783 2502 reliquis
797 2420 915 2486 fabulis
930 2440 1150 2503 quaecumque
1162 2426 1320 2510 exempla

161 2520 288 2588 adhoc
311 2538 412 2604 genus
440 2519 599 2604 pertinere
628 2518 797 2586 uideantur
823 2524 1049 2605 percensuerit.
1093 2524 1224 2591 Interim
1247 2548 1318 2594 mo·

248 2708 271 2770 1)
289 2702 466 2771 Aliquantum
480 2702 515 2756 sd
530 2702 610 2756 huius
627 2702 666 2756 rei
680 2702 879 2759 similitudinem
893 2706 1034 2773 accedunt,
1053 2723 1124 2776 quae
1133 2708 1179 2762 Fr.
1189 2707 1318 2766 Schmid-

158 2791 212 2846 tius
228 2787 350 2857 Quaestt.
367 2787 450 2842 dePl.
460 2788 518 2842 Mil.
529 2787 602 2842 Glor.
617 2804 644 2856 p.
655 2791 704 2842 331
718 2788 751 2842 16
765 2788 837 2844 illius
852 2790 963 2846 fabulae
977 2791 1102 2847 uersibus
1121 2797 1193 2846 1111.
1211 2797 1263 2849 381
1273 2810 1316 2864 sq.

160 2880 223 2930 1631
233 2891 273 2944 sq.
292 2873 443 2943 adsumptis
466 2876 528 2926 1141
538 2888 577 2940 sq.
597 2871 730 2928 disseruit.

210 2983 213 2989 ·
243 2964 269 3023 1)
286 2959 380 3028 Ipsum
398 2959 468 3012 enim
485 2957 574 3012 locum
591 2957 665 3011 illum
683 2956 751 3022 (Mil.
770 2957 813 3010 Gl.
832 2961 990 3025 631-611,
1009 2958 1043 3015 cf.
1062 2959 1243 3015 Schmidtium
1260 2962 1278 3017 l.
1296 2965 1315 3018 1

157 3043 328 3112 11362616.)
345 3042 512 3097 Ribbeckius
525 3041 626 3110 duplici
638 3043 826 3097 retractatoris
845 3043 1027 3099 additamento
1046 3074 1080 3082 —
1098 3059 1161 3099 nam
1179 3046 1255 3114 quod
1270 3047 1315 3102 in·

81 3118 86 3124 ’
157 3143 239 3196 super
250 3144 277 3182 u.
287 3131 335 3181 613
344 3143 383 3196 sq.
402 3125 611 3195 dittographiam
623 3141 682 3181 esse
695 3126 763 3181 uiuit
774 3141 870 3182 uersus
884 3133 947 3195 666,
966 3128 1038 3182 hanc
1054 3129 1114 3198 ipse
1132 3142 1240 3199 quoque
1256 3147 1315 3187 non

156 3217 211 3266 tem
230 3226 247 3264 a
264 3213 443 3266 retractatore
460 3209 576 3279 quodam
594 3211 733 3275 scaenico,
756 3226 836 3279 quarn
858 3212 893 3266 ab
914 3212 1110 3282 interpolatore
1131 3218 1254 3282 repetere
1270 3216 1316 3270 ui·

156 3296 285 3352 detur-
304 3294 483 3350 deformatum
496 3309 556 3349 esse
573 3293 673 3360 docuit,
692 3309 804 3363 quorum
822 3301 912 3351 tamen
930 3299 1045 3353 alterum
1063 3296 1097 3350 ab
1116 3297 1201 3352 altero
1220 3313 1314 3367 segre·

155 3385 248 3449 gutum
262 3385 316 3434 est:
337 3380 459 3434 similiter
468 3395 500 3433 ac
511 3380 539 3434 0.
551 3378 684 3433 Dniatnlro
697 3379 768 3433 Mus.
779 3379 865 3435 Rhen.
876 3380 968 3436 XXVI
977 3398 1003 3450 p.
1015 3385 1065 3435 438
1075 3398 1113 3451 sq.
1129 3381 1314 3447 (611116111-

155 3465 281 3520 hardtum
298 3465 327 3519 in
344 3465 522 3519 Studemundi
540 3464 616 3518 Stud.
636 3464 689 3518 uol.
703 3463 743 3516 11
765 3480 791 3533 p.
802 3468 916 3531 66-93,
941 3465 1137 3521 Dziatakonem
1159 3466 1258 3521 iterum
1282 3470 1314 3524 iu

154 3549 225 3605 Mus.
244 3548 331 3604 Rhen.
353 3552 372 3603 t.
386 3549 479 3602 XXIX
497 3565 524 3617 p.
538 3552 570 3601 63
581 3554 632 3618 sq.)
649 3548 755 3616 prologi
771 3548 933 3605 Mercatoris
952 3565 1039 3618 neque
1056 3568 1084 3605 u.
1101 3554 1198 3605 11-11
1222 3567 1317 3621 neque

157 3636 256 3687 18-33
274 3632 402 3688 Plautum
415 3634 516 3688 habere
526 3636 665 3687 auctorem
678 3633 780 3687 uoluit:
798 3633 943 3701 adspersos
957 3640 1047 3689 tamen
1061 3650 1121 3690 6666
1139 3634 1231 3704 priore
1247 3636 1315 3693 illos

154 3721 283 3787 ternpore,
301 3719 452 3786 posteriore
469 3716 596 3781 (fortasse
610 3717 716 3786 quidem
732 3717 840 3772 omnino
855 3734 910 3773 non
923 3719 952 3773 in
966 3735 1044 3773 usum
1058 3721 1212 3774 scaenicum
1226 3720 1314 3778 labri-

154 3805 240 3866 eatos)
264 3802 323 3857 hos.
361 3801 485 3857 Ceterum
501 3816 568 3856 uere
584 3801 649 3856 mihi
667 3801 775 3857 uidetur
793 3807 820 3856 et
837 3802 1001 3859 Schmidtius
1019 3808 1105 3858 totam
1122 3804 1196 3858 illam
1213 3803 1315 3862 Militis

154 3885 228 3941 Glor.
247 3886 416 3955 pericopam,
441 3901 510 3956 quse
529 3886 682 3942 continetur
699 3887 824 3942 uersibus
842 3891 993 3956 612-165,
1019 3903 1058 3944 ex
1075 3889 1147 3944 alia
1163 3890 1315 3958 quadarn

155 3970 332 4026 comoedia
348 3971 463 4026 latina
480 3970 621 4040 repetiisse
639 3972 806 4027 6166616116
818 3971 880 4027 Act.
897 3987 952 4028 666.
962 3972 1000 4027 VI
1014 3989 1041 4042 p.
1052 3977 1102 4028 313
1118 3974 1179 4028 adn.
1196 3974 1315 4032 similem

154 4054 335 4123 suspicionem
353 4056 473 4110 mouisse
490 4054 524 4109 de
543 4057 605 4111 ortu
624 4070 752 4110 uersuum
770 4056 852 4112 Poen.
871 4056 924 4124 12,
938 4060 1081 4112 111-191.
