2940 5144
230 334 289 393 114
619 332 793 387 Goraltbarius
812 330 988 386 Brachmann

227 508 301 575 dem
317 524 453 573 scaenae
468 506 611 588 partibus
626 502 867 587 iungendarum,
890 502 1022 583 qualem
1039 500 1197 569 noluerit
1215 506 1384 569 retractator

226 608 304 691 lieri,
328 606 498 673 admodum
515 607 670 673 lubricum
686 624 756 671 csse
773 608 922 689 expertus
936 624 1017 671 sum.
1059 604 1182 683 Quare
1205 602 1314 671 sicubi
1331 625 1380 671 ucr-

227 710 343 777 siculos
365 708 521 791 quosdam
545 714 579 773 ut
601 726 826 773 communes
851 705 977 787 utrique
1005 705 1205 791 exemplari
1238 712 1377 789 notaucro,

227 812 304 878 nihil
329 809 415 876 aliud
439 808 649 893 significatum
673 827 743 873 csse
766 808 861 890 scito,
892 827 987 889 quam
1010 807 1099 873 ultra
1132 808 1217 875 illos
1250 814 1375 875 retracto·

228 914 322 980 tionis
341 912 446 977 l'actae
469 930 551 975 nunc
573 909 702 990 quidem
725 928 828 989 neque
851 908 1020 992 uestigium
1042 930 1157 993 neque
1182 930 1321 978 causam
1339 930 1375 995 ap

227 1034 351 1101 parere,
374 1014 419 1078 ita
441 1018 475 1077 ut
497 1012 634 1077 traditae
656 1011 831 1096 scripturae
853 1009 996 1077 condicio
1018 1030 1076 1094 per
1099 1030 1139 1079 se
1163 1020 1322 1097 spectata
1338 1011 1375 1077 11·

228 1119 343 1184 ducere
359 1134 416 1179 nos
432 1113 587 1195 uideatur,
610 1120 644 1177 111
659 1114 825 1179 credamus
847 1114 931 1179 intra
948 1113 1020 1178 illos
1042 1116 1305 1183 retractatorem
1324 1135 1375 1182 con

228 1219 357 1284 stitisse.
401 1215 535 1280 Etiamsi
558 1215 642 1280 enim
665 1215 825 1280 nonnullis
854 1214 931 1280 locis
959 1214 1111 1281 uniuersa
1139 1218 1286 1300 generis
1312 1216 1375 1281 illios

228 1318 355 1385 indoles
378 1337 416 1381 ac
445 1322 558 1380 natura
587 1316 638 1380 uel
667 1317 807 1381 maxime
837 1312 1039 1381 commendat
1065 1318 1280 1385 contrarium
1308 1314 1376 1398 illud,

230 1422 326 1485 latius
341 1436 452 1484 reuera
467 1417 543 1483 olirn
566 1424 735 1499 erogatam
758 1438 828 1483 esse
850 1416 989 1483 nouandi
1012 1415 1184 1485 histricam
1210 1420 1376 1487 libidinem:

229 1542 281 1587 ars
296 1526 404 1585 tamen
419 1519 451 1583 in
472 1519 532 1583 bac
554 1518 721 1585 minutiore
745 1521 913 1586 uniuersae
936 1517 1132 1600 quaestionis
1154 1529 1263 1603 parte
1284 1520 1317 1587 id
1336 1522 1377 1587 ino

229 1640 348 1706 ponere
378 1620 546 1685 uidebatur
573 1620 788 1703 necessitatis,
817 1627 852 1686 ut
879 1620 1093 1687 indicarentur
1123 1624 1266 1690 termini
1274 1675 1284 1709 ,
1314 1625 1378 1690 intra

230 1743 309 1805 quos
331 1722 544 1788 contineretur
566 1721 860 1787 demonstratio
882 1723 968 1787 illius
984 1723 1030 1788 rei
1044 1742 1129 1788 nunc
1144 1724 1291 1805 quidem
1305 1724 1379 1793 nobb

228 1826 391 1910 permissa.

314 1928 411 1992 Hisce
434 1945 509 1991 uero
537 1944 619 2006 quac
650 1925 883 2008 disputauimus
912 1925 993 1991 illud
1023 1930 1151 1991 cautum
1185 1947 1265 1995 esse
1296 1926 1378 1995 uolui-

231 2050 309 2113 mus,
332 2027 467 2109 nequis,
490 2027 546 2093 ubi
561 2027 593 2090 in
611 2027 756 2103 uersibus
778 2026 978 2109 quibusdam,
1002 2046 1081 2108 quos
1103 2030 1320 2097 retractatori
1339 2028 1379 2094 tri·

233 2131 375 2199 buendos
398 2147 592 2210 censeamus,
617 2148 714 2193 causa
729 2129 958 2210 consiliumque
981 2127 1176 2195 retractandi
1202 2131 1305 2199 nobis
1327 2131 1378 2212 qui

232 2231 303 2296 dem
319 2252 381 2295 non
398 2229 591 2313 apparuerit,
615 2230 675 2293 bac
691 2250 724 2295 rc
739 2228 800 2313 ipsi
819 2231 1019 2296 coniecturae
1042 2230 1090 2294 illi
1112 2227 1216 2296 fidem
1240 2230 1380 2315 abrogari

232 2333 327 2397 dicat.
362 2331 403 2395 Vt
418 2329 564 2412 exemplo
580 2333 693 2414 fungar
706 2332 770 2397 iarn
793 2333 939 2397 omnibus
961 2332 1112 2416 probato:
1134 2330 1169 2394 11
1194 2332 1272 2400 1000
1296 2334 1380 2400 11101

233 2432 375 2498 Poenulo
387 2429 564 2512 desumpto,
582 2452 675 2513 quem
687 2432 836 2498 Goetaius
847 2432 1120 2500 commentationis
1132 2451 1216 2499 suae
1227 2456 1260 2519 p.
1275 2438 1381 2514 abaco.

233 2534 381 2599 tractauit
404 2531 461 2614 (IV
477 2536 506 2611 2,
523 2534 695 2617 tls—loll),
719 2533 868 2602 ostendas
891 2535 997 2619 uelim,
1022 2554 1085 2616 qua
1099 2555 1134 2599 10
1151 2542 1327 2618 permotus
1347 2558 1381 2602 re·

233 2640 384 2701 tractator
406 2657 426 2701 a
448 2637 603 2701 Plautinis
626 2636 731 2701 uerbis
755 2636 928 2702 recesserit.
973 2640 1122 2701 Attamen
1152 2638 1229 2718 quis
1258 2638 1382 2705 audebit

232 2738 299 2803 illic
320 2738 424 2822 ipsam
449 2740 488 2805 de
518 2738 741 2805 retractatione
772 2738 984 2803 coniecturam
1012 2737 1043 2802 in
1074 2737 1318 2807 dubitationem
1340 2762 1380 2806 uo·

234 2841 329 2906 care?
365 2841 478 2923 ltaque
494 2848 634 2906 nostrum
651 2845 719 2905 erat
741 2839 861 2905 tradita
883 2839 1036 2904 acerrime
1059 2839 1250 2929 examinare
1273 2864 1381 2909 0010

233 2943 308 3005 10110
330 2941 385 3023 iis,
415 2962 497 3023 quae
520 2948 574 3007 aut
596 2943 710 3006 Plauto
734 2961 844 3024 parurn
868 2940 965 3023 digna
988 2960 1058 3005 0000
1079 2945 1134 3005 011
1157 2960 1232 3008 cum
1255 2945 1382 3027 reliquis

234 3064 298 3107 non
314 3042 391 3107 satis
407 3044 575 3109 conuenire
591 3042 783 3124 uiderentur,
808 3062 970 3125 quaerere,
994 3048 1097 3106 utrum
1116 3062 1136 3106 a
1158 3047 1382 3112 retractatione

235 3143 381 3208 scaenica
404 3164 444 3207 an
467 3165 487 3208 a
509 3144 711 3228 glossematis
728 3144 1004 3226 interpolatorisue
1026 3142 1204 3207 insulsitate
1229 3146 1381 3229 originem

231 3244 288 3309 illa
311 3244 427 3310 ducere
450 3245 602 3310 credibile
625 3253 718 3311 esset.
755 3247 865 3312 Sicubi
887 3246 927 3311 de
951 3245 1050 3329 ipsius
1072 3246 1295 3313 retractatoris
1318 3268 1381 3315 cou-

232 3346 302 3412 silio
332 3347 492 3427 totiusque
520 3367 657 3412 scaenae
685 3347 717 3413 in
748 3353 917 3413 retractato
947 3346 1122 3428 exemplari
1153 3349 1382 3432 compositione

232 3449 445 3513 coniecturam
468 3448 573 3514 100010
597 3449 700 3532 110111,
731 3458 894 3532 tamquam
916 3447 1074 3513 corollarii
1097 3447 1196 3512 instar
1219 3448 1285 3517 hoc
1307 3451 1380 3517 acci·

232 3547 383 3629 piendum
407 3546 564 3614 dorximus.
610 3549 1381 3635 001011111011110101110,0101111111οιἰο
1436 3604 1439 3609 .

235 3650 294 3712 1100
317 3668 350 3711 10
373 3649 559 3733 plerumque
581 3651 623 3716 sit
644 3652 791 3735 suspicis.

319 3752 412 3829 §ab
455 3750 525 3815 lam
554 3773 629 3818 uero
658 3752 811 3819 adeamus
840 3754 882 3819 ad
912 3754 982 3837 ipsa
1009 3751 1205 3818 Bacchidum
1235 3756 1382 3841 exempla

235 3849 429 3933 temptanda.
473 3853 522 3916 En
546 3854 660 3935 quibus
683 3854 904 3920 nonnullorum
927 3874 966 3919 ea
989 3862 1037 3919 est
1059 3852 1211 3935 condicio,
1241 3862 1278 3923 ut
1298 3858 1382 3923 fraus

234 3952 802 4034 01011011001100110111010101
832 3957 969 4039 potuerit
997 3960 1124 4020 nostrae
1151 3955 1271 4019 aetatis
1299 3956 1382 4021 uiros

235 4052 344 4118 doctos
367 4053 539 4120 ludificare.
575 4055 668 4120 Velut
690 4056 722 4120 in
745 4076 806 4121 uno
830 4063 861 4120 et
876 4056 1052 4122 'leulfelius
1074 4060 1105 4121 et
1128 4052 1311 4139 Seyffertus
1334 4078 1381 4125 eo·
