2940 5144
242 292 302 355 136
633 290 809 347 Gualtharius
827 288 1002 345 Brachmann

274 472 337 527 (dare
352 470 373 510 b.
386 470 400 511 l.
419 470 476 511 idom
494 468 541 520 [cuc
559 470 618 511 uolut
638 480 663 510 oe
681 468 784 509 srrlricere
803 464 888 509 l’lrorm
899 464 957 507 se⁷=
974 464 1003 517 cs.
1015 462 1072 507 ibid.
1088 476 1110 507 υ.
1123 462 1179 513 erl,
1198 461 1250 507 uel.
1264 462 1298 507 Gi.
1310 460 1398 519 nom.)

276 552 315 581 uec
328 539 420 591 donique
433 538 558 579 uoirrorrom
570 538 710 579 renitentium.
735 536 828 586 llerepto
842 533 900 575 raim
913 532 1002 575 credulo
1016 544 1072 575 acue
1090 542 1174 575 annm
1192 538 1273 575 tamen
1291 533 1397 575 coede·

275 613 423 659 computatum
436 612 491 653 eret,
511 618 578 658 ireque
592 620 606 657 p
615 606 672 655 orsi
681 606 705 645 σι’
723 602 807 654 lubrico
820 600 865 643 ullo
878 601 942 643 enode
952 606 1042 653 potesne
1054 601 1100 643 nisi
1118 600 1243 654 mpla
1255 600 1323 653 ipsius
1332 598 1396 643 unco-

275 674 332 717 locbi
351 686 432 727 operu-
451 674 473 715 ld
492 672 548 725 quud
567 672 731 715 euideulr'euimc
749 682 783 712 rer
802 670 858 723 lpuu,
877 676 899 711 ur
918 669 990 711 euenit
1006 668 1137 722 postmodo,
1156 669 1310 713 demonstror.

329 805 494 886 Ceterum,
522 803 549 867 si
572 802 644 885 quis
667 799 843 882 segregatis
866 797 1011 865 uersibus
1041 800 1114 863 363.
1140 800 1208 863 365
1240 796 1276 864 in
1297 800 1396 866 recl

243 894 365 989 aliquid
382 903 546 973 lenimenti
558 902 720 969 existimet
734 899 920 983 desiderari,
936 897 1023 981 quod
1033 898 1207 983 proposita
1223 920 1278 968 uu.
1293 902 1396 983 bolso.

244 1006 485 1074 crudelissimae
508 1022 630 1089 poenae
657 1002 897 1085 exspectatione
926 999 969 1066 ad
998 998 1285 1069 confirmationem
1315 1002 1398 1071 animi

245 1110 370 1175 ualeat:
393 1108 454 1172 hac
469 1125 504 1172 re
523 1126 586 1172 non
607 1102 832 1171 sollicitabitur
854 1101 907 1185 qui
930 1100 1069 1186 pomorit
1089 1102 1303 1171 serculorum
1318 1104 1399 1170 Plan·

246 1211 383 1276 tinorum
406 1208 534 1293 ingenia
561 1211 593 1273 ct
621 1224 798 1289 sermones;
829 1225 856 1270 e.
880 1224 905 1270 c.
932 1204 1041 1271 confer
1069 1201 1279 1271 simillimum
1309 1207 1401 1274 locun

248 1311 302 1393 qui
326 1309 429 1376 estin
452 1307 587 1392 Epidico
610 1328 639 1373 u.
657 1310 718 1371 310
731 1325 800 1389 sqq.

335 1410 424 1477 Utin
439 1410 532 1475 huius
548 1427 683 1475 scaenae
699 1407 795 1489 exitu,
818 1407 864 1471 ita
886 1405 917 1469 in
941 1402 1080 1487 primis
1103 1401 1261 1473 eiusdem
1283 1409 1404 1477 nerei·

249 1514 322 1578 bus
344 1510 424 1576 satis
446 1517 574 1592 tenues,
603 1516 637 1574 at
659 1508 857 1574 certissimae
880 1505 1012 1574 eaedem
1041 1513 1181 1574 nouatae
1213 1510 1406 1578 recensionis

248 1612 404 1693 reliquiae
426 1611 566 1679 residere
589 1609 666 1675 mihi
688 1608 844 1676 uidentur.
889 1609 941 1674 An
962 1608 1064 1674 habes
1086 1607 1142 1689 qui
1164 1607 1212 1674 ed
1237 1610 1329 1680 hanc
1350 1632 1408 1681 rem

249 1714 409 1800 pertinere
431 1729 529 1793 neges
552 1710 786 1796 apertissimam
808 1709 891 1776 banc
914 1709 1180 1795 dittographiamz

401 1862 492 1916 Adibo
510 1861 592 1924 hunc,
614 1873 693 1926 quem
712 1859 818 1927 quidem
836 1874 885 1929 ego
903 1859 984 1914 hodie
1001 1859 1100 1914 faciam
1117 1857 1164 1913 hic
1181 1856 1305 1917 arietem
1368 1867 1407 1918 2⁴1

403 1947 509 2000 Phrixi:
529 1947 567 1999 lta
583 1944 733 1999 detondebo
752 1948 817 1998 adro
835 1959 921 2014 usque
939 1943 974 1999 ad
992 1941 1082 1999 ninam
1101 1947 1199 1998 cutem.

404 2082 539 2137 Extexam
557 2097 605 2150 ego
623 2082 698 2136 illum
716 2080 809 2148 pulcre
827 2079 889 2145 iam,
907 2079 930 2133 si
948 2078 975 2133 di
993 2079 1095 2134 uolunt.
1368 2084 1410 2137 aaa

404 2165 466 2219 Hau
484 2165 721 2222 dormitandumst:
743 2166 811 2235 opus
831 2170 871 2218 est
891 2163 987 2233 chryso
1005 2159 1143 2234 Ohry‘salo.

253 2303 325 2382 Quo
341 2302 373 2368 in
388 2302 458 2368 loco
473 2302 683 2384 grauissimae
699 2300 867 2368 offensioni
883 2302 943 2366 hoc
957 2299 1035 2366 mihi
1051 2307 1109 2382 est,
1132 2298 1220 2383 quod
1244 2307 1280 2369 et
1302 2320 1409 2370 uersus

254 2407 317 2468 239
333 2410 365 2469 et
380 2406 439 2465 241
465 2412 579 2469 natura
594 2403 686 2470 unice
701 2403 770 2469 eius
789 2401 968 2469 condicioni
990 2408 1066 2487 apta
1087 2420 1159 2468 esse
1181 2401 1326 2487 uidetur,
1351 2402 1408 2487 qui,

253 2505 307 2573 ubi
332 2504 532 2590 conspexerit
553 2503 759 2570 accedentem
781 2502 989 2586 Nicobulum,
1020 2508 1086 2568 tum
1108 2502 1248 2587 primum
1276 2504 1409 2591 incipiat

254 2607 295 2674 de
311 2606 367 2673 illo
383 2604 479 2686 loqui.
516 2607 621 2686 Equo
636 2604 772 2672 efficitur
793 2624 896 2687 neque
918 2604 959 2670 ab
983 2604 1096 2672 eodem
1117 2610 1214 2689 poeta
1237 2610 1407 2691 utrumqne

254 2727 351 2794 posse
373 2707 526 2791 scriptum
548 2725 619 2774 esse
643 2713 690 2789 ct,
717 2705 825 2788 quiin
847 2725 965 2772 scaena
987 2704 1134 2790 Chrysali
1155 2710 1266 2789 partes
1288 2712 1406 2792 ageret,

254 2812 360 2877 facere
386 2829 458 2876 eum
477 2827 539 2874 non
563 2807 705 2892 potuisse
728 2807 803 2890 quin
826 2814 974 2891 suscepto
997 2807 1097 2874 altero
1120 2808 1257 2874 alterum
1279 2826 1406 2875 auersa

254 2915 340 2979 retur
351 2908 384 2990 ¹).

159 3086 163 3091 ,
341 3010 391 3075 De
414 3009 519 3093 priore
549 3017 617 3076 ortu
647 3009 762 3075 ilerum
791 3007 930 3074 difficilis
959 3008 1113 3090 quaestio.
1158 3006 1283 3085 Quodsi
1310 3028 1407 3095 snpra

256 3118 343 3178 recte
364 3130 416 3177 uu.
441 3114 499 3174 361
515 3130 561 3191 sq.
586 3116 620 3176 ut
642 3110 807 3176 Plautinos
829 3110 937 3176 littera
957 3111 987 3175 A
1009 3109 1208 3194 notabimus,
1230 3109 1301 3176 ueri
1323 3108 1405 3177 simi·

257 3210 318 3277 lius
348 3212 507 3289 hocloco
542 3215 858 3278 retractatorem
887 3210 1023 3276 nominis
1055 3210 1203 3295 Chrysali
1229 3211 1407 3294 neriloqnio
1469 3213 1470 3229 ³

257 3312 377 3381 ludere.
422 3312 555 3380 Accedit
584 3310 669 3393 quod
696 3330 747 3379 res
775 3311 1082 3397 mythologicae
1112 3311 1239 3396 parcius
1261 3331 1282 3378 a
1304 3320 1408 3397 poste

259 3414 395 3481 rioribus
417 3414 521 3500 poetis
544 3418 715 3498 usurpatae
738 3413 895 3496 uidentur,
919 3413 959 3480 dc
982 3433 1043 3495 quo
1068 3412 1187 3479 dictum
1208 3413 1242 3479 in
1263 3412 1409 3482 Excursn

258 3515 374 3599 priore.
411 3514 559 3581 Ceterum
581 3515 771 3595 tangebatur
786 3514 896 3581 Phrixi
918 3514 1030 3581 sabula
1050 3514 1083 3580 in
1098 3515 1193 3581 Ennii
1214 3512 1330 3579 Medea
1352 3536 1409 3579 cc-

258 3616 325 3680 sule
347 3612 401 3699 (ci.
417 3615 454 3683 fr.
470 3617 485 3681 Ι
501 3620 520 3679 6
535 3636 564 3682 u.
582 3620 643 3682 210
659 3616 777 3702 Biha),
800 3616 885 3684 unde
899 3615 1032 3700 cogitari
1048 3622 1153 3700 potest
1172 3615 1261 3684 aurei
1279 3617 1411 3685 nelleris

259 3716 447 3785 memoriam
474 3716 619 3784 hausisse
641 3718 797 3786 Plautum.

350 3939 372 4001 1)
390 3934 452 3989 Tali
465 3933 580 4003 quadam
597 3933 703 3989 ratione
720 3935 868 3991 adductum
887 3950 945 3991 esse
962 3935 1095 4006 Guyetum
1113 3934 1237 4004 suspicor
1255 3940 1286 3991 ut
1304 3937 1417 4008 ulrgula

263 4017 388 4077 censoria
405 4032 513 4073 uersum
532 4021 580 4072 2³9
599 4021 713 4073 notaret.
