2940 5144
367 674 408 728 De
426 674 592 728 Bacchidum
612 673 754 729 Plautinae
771 673 962 729 retractatione
982 674 1117 730 scaenica.
1221 658 1231 674 ⁸
1273 673 1313 734 95

161 851 227 910 tam
253 846 368 911 molem
392 865 432 911 ex
455 845 602 911 diuersae
625 842 754 926 originis
769 843 882 928 pannis
900 844 1076 929 conflatam,
1101 848 1315 931 qualemcum-

163 967 225 1029 que
240 946 446 1011 membranae
461 943 720 1029 suppeditabant,
736 944 768 1009 in
784 965 881 1010 unum
897 952 1079 1013 contextum
1096 949 1203 1031 aliquo
1219 948 1315 1017 modo

130 1105 133 1113 .
164 1047 367 1116 tolerabilem
381 1065 593 1128 uersuumque
605 1046 744 1130 aliquam
758 1045 897 1131 speeiem
907 1045 1051 1127 redigere
1064 1049 1194 1133 studuit,
1210 1052 1316 1118 omnia

164 1148 384 1234 permiscuerit
406 1148 501 1230 atque
525 1148 768 1214 conturbauerit.
1352 1149 1358 1155 ’

252 1287 342 1365 §222
385 1282 492 1362 Quid?
516 1280 601 1366 quod
624 1281 707 1349 hano
728 1285 781 1350 uel
804 1281 941 1349 similem
964 1281 1057 1349 huius
1079 1283 1140 1350 loci
1162 1286 1316 1370 originem

164 1387 333 1454 ostendere
356 1384 591 1468 quodammodo
614 1384 741 1450 uidetur·
762 1386 891 1451 forma
917 1384 1017 1470 ipsius
1045 1385 1246 1453 orationis
1275 1409 1316 1454 ex

164 1489 298 1556 concisis
317 1507 356 1553 ao
377 1486 538 1553 dissolutis
560 1485 711 1552 membris
735 1487 987 1567 conglutinatae:
1005 1506 1092 1569 quae
1114 1507 1174 1554 neo
1195 1488 1223 1552 si
1245 1506 1315 1554 sen·

164 1591 332 1657 tertiarum
350 1586 481 1672 respicis
500 1607 616 1653 nexum
639 1589 717 1654 satis
739 1588 835 1655 rectis
857 1587 1000 1655 cruribus
1022 1588 1150 1672 incedit,
1173 1597 1205 1656 et
1226 1591 1317 1657 uaria

163 1693 257 1758 trium
279 1709 486 1775 personarum
509 1679 788 1772 grammaticarum
811 1690 1029 1757 uicissitudine
1052 1691 1131 1757 mire
1153 1692 1315 1774 titubat1).

165 1795 207 1859 Ut
231 1792 345 1873 dicam,
369 1809 524 1871 quaeres
547 1795 611 1857 est:
635 1791 722 1856 credi
744 1791 799 1856 uix
821 1796 928 1876 potest
949 1813 1044 1860 unum
1068 1799 1153 1860 certo
1177 1794 1315 1876 quodam

164 1894 295 1960 consilio
320 1891 448 1958 ductum
471 1891 517 1958 ita
539 1896 573 1956 ut
594 1912 678 1957 nunc
700 1892 866 1958 traduntur
887 1893 969 1959 haec
990 1895 1185 1978 procudisse.

248 1993 319 2074 Age
333 2013 424 2075 uero,
447 1991 527 2057 illud
551 1993 636 2075 quod
660 1994 790 2077 paululo
813 1999 888 2065 unte
910 1992 1178 2079 deprehendimus
1200 2005 1314 2064 retrao
1406 2004 1409 2011 '

164 2095 276 2162 tatoris
298 2093 437 2160 studium
461 2114 518 2178 per
547 2094 781 2179 oppositionem
810 2092 942 2160 ludendi
971 2096 1069 2161 simili
1096 2118 1209 2164 uocum
1237 2120 1315 2166 sono

163 2217 267 2264 nonne
290 2193 425 2262 suadere
447 2194 589 2276 uidetur,
614 2200 647 2260 ut
669 2215 698 2260 u.
716 2198 777 2258 395
801 2193 967 2261 credamus
989 2199 1164 2281 posteriore
1187 2198 1315 2265 demum

164 2306 315 2384 tempore·
328 2296 472 2362 additum
496 2295 614 2381 ossei),
637 2300 671 2361 ut
690 2294 912 2380 responderint
933 2297 995 2362 sibi
1018 2297 1093 2363 olim
1116 2299 1148 2364 in
1171 2300 1316 2366 uersibus

165 2403 226 2464 394
242 2406 275 2465 et
290 2402 351 2463 396
374 2397 710 2480 uocabula-inpensius
732 2402 764 2462 et
785 2384 984 2480 inpendimus
1005 2398 1163 2467 adiuncta*
1178 2399 1210 2467 in
1234 2406 1315 2468 utro-

165 2513 233 2583 que·
248 2501 367 2583 loquuti
386 2498 536 2566 notione?
581 2499 734 2584 Inpensus
758 2498 842 2565 enim
864 2499 967 2566 arnico
991 2519 1062 2566 esse
1085 2500 1200 2567 dicitur
1221 2501 1316 2568 homo

163 2603 315 2688 ingratus,
337 2602 358 2667 i.
376 2621 401 2667 e.
426 2600 481 2681 qui
496 2619 611 2683 magno
627 2604 750 2667 constet
770 2601 882 2684 pretio,
906 2600 1023 2685 quippe
1045 2600 1078 2666 in
1101 2620 1194 2684 quem
1217 2622 1314 2685 quan-

164 2702 281 2770 tumuis
304 2702 401 2768 liceat
429 2702 571 2769 conferre
600 2699 826 2769 beneficiorum
855 2722 913 2768 nec
941 2703 1065 2785 gratiae
1093 2708 1201 2770 tamen
1230 2704 1315 2786 quic-

164 2825 260 2890 quam
275 2825 334 2871 nec
349 2806 468 2871 fructus
484 2823 622 2886 unquam
639 2801 815 2888 capturoib
848 2804 918 2869 Iam
934 2804 1131 2872 concluditur
1150 2804 1184 2870 id
1206 2804 1326 2874 uiden-f
1368 2816 1373 2823 '
1414 2874 1418 2880 ,

250 2977 273 3037 1)
291 2970 430 3026 Acidalius
449 2971 569 3025 Diuinat.
595 2971 623 3023 in
641 2970 733 3024 Plauti
750 2969 806 3024 fab.
825 2986 852 3038 p.
872 2975 919 3024 301
944 2971 997 3025 hac
1014 2972 1041 3025 in
1059 2987 1088 3027 re
1112 2972 1164 3026 iam
1189 2971 1316 3026 offendit:

165 3059 218 3113 hoc
236 3058 289 3112 fuit
307 3072 356 3111 cur
373 3073 400 3110 ιι.
415 3060 464 3110 396
482 3055 600 3126 quamde
618 3054 755 3109 scriberet.

240 3142 273 3209 ’2)
291 3140 369 3208 Quod
387 3140 438 3194 nisi
457 3146 542 3204 esset,
565 3138 747 3206 adstipulatus
766 3152 832 3191 saue
849 3138 1011 3205 Kiesslingio
1031 3139 1236 3194 condemnarem
1254 3155 1315 3194 uer-

163 3243 222 3282 sum
235 3231 297 3294 3963
318 3241 371 3293 quo
383 3229 474 3278 tamen
487 3222 630 3292 repudiato
646 3238 701 3276 non
719 3225 827 3289 poterat
845 3236 899 3274 non
917 3221 1025 3290 spurius
1045 3223 1136 3276 eadem
1155 3223 1212 3290 lege
1230 3239 1315 3293 appa·

261 3350 267 3363 .
317 3313 340 3362 l.

163 3326 223 3365 rere
240 3313 461 3459 ι9)39ῗοοειὶιιι1ιιιιι
474 3389 541 3443 illud
559 3405 655 3458 parum
674 3389 866 3442 intellexerunt
883 3392 1107 3443 commentatores
1125 3389 1259 3458 plerique;
1279 3391 1314 3444 si·

163 3477 252 3530 milem
270 3479 360 3528 autem
380 3472 629 3540 interpretationem
654 3473 707 3536 iam
731 3472 906 3542 proposuisse
929 3471 1007 3525 uideo
1033 3477 1059 3525 et
1076 3473 1221 3539 Pistorem‚
1246 3477 1314 3550 conl.

163 3559 270 3630 quidem
288 3557 345 3612 Mil.
366 3557 438 3611 Glor.
458 3561 516 3622 673,
538 3562 566 3611 et
582 3557 614 3610 L.
627 3557 780 3613 Bisciolam.
810 3556 911 3612 Contra
929 3555 1070 3624 Ussingius
1088 3573 1138 3612 uec
1155 3574 1231 3613 suam
1250 3574 1315 3614 con·

162 3647 293 3701 iecturam
317 3642 464 3711 irrfeass'ust
486 3642 550 3696 mihi
572 3641 700 3711 probauit
722 3657 771 3696 nec
794 3642 934 3712 inpensius
955 3635 1031 3695 ‘nihil
1048 3637 1129 3709 esse’,
1154 3658 1315 3712 quamquam

162 3727 238 3782 nulla
256 3742 322 3781 sane
340 3731 381 3780 est
399 3742 478 3794 quarn
496 3728 625 3796 reprobat
642 3726 730 3781 Rostii
748 3726 901 3795 explicatio.
937 3726 999 3781 Non
1022 3732 1111 3782 autem
1130 3730 1219 3781 exstat
1235 3742 1314 3795 prae·
1355 3772 1358 3776 ,

163 3819 238 3866 terea
256 3810 328 3880 apud
346 3810 472 3864 Plautum
496 3810 631 3866 adiectiua
654 3811 742 3866 iorma
765 3811 817 3866 nisi
835 3811 912 3880 capt.
932 3815 981 3866 806
990 3810 1046 3865 Fi:
1073 3811 1131 3866 Vae
1149 3813 1247 3866 misero
1265 3811 1315 3878 itti,

163 3896 261 3967 quoius
279 3895 338 3950 cibo
356 3896 406 3949 iste
422 3895 517 3964 fectus
534 3902 573 3949 est
592 3897 743 3966 inpensior,
768 3912 821 3964 quo
838 3901 928 3950 tamen
949 3896 1010 3951 loeo
1032 3901 1060 3951 et
1076 3895 1270 3952 Fleckeisenus
1289 3902 1316 3951 et

162 3981 272 4036 Brixius
295 3994 329 4034 ex
347 3978 508 4045 Camerarii,
531 3983 563 4033 ut
583 3980 705 4047 uidetur,
729 3980 884 4035 coniectura
908 3980 1036 4035 exhibent
1057 3981 1164 4050 factius
1186 3982 1314 4052 imperio-

162 4070 232 4121 sior:
259 4079 327 4134 quae
345 4063 451 4132 quidem
469 4079 539 4128 uox,
564 4079 624 4118 curn
642 4064 782 4119 breuioulo
800 4065 889 4132 spatio
906 4065 1058 4119 intermisso
1080 4066 1205 4134 languide
1222 4066 1315 4120 redeat

163 4169 190 4207 u.
204 4155 250 4205 811
263 4149 314 4214 ll,
333 4163 429 4217 parum
441 4147 549 4202 uidetur
565 4148 672 4213 idonea,
690 4148 742 4202 nisi
760 4147 956 4217 dittographiae
973 4147 1061 4203 instar
1078 4165 1104 4202 u.
1119 4154 1168 4204 806
1186 4150 1314 4205 adnume-

162 4235 262 4289 randus
276 4233 442 4288 existimetur
459 4232 551 4287 uersui
563 4237 624 4300 805,
640 4233 674 4288 ad
693 4247 801 4287 uersum
815 4235 861 4286 811
881 4229 984 4301 pariter
1001 4236 1129 4300 spectans
1146 4233 1314 4302 illequidem

163 4335 196 4373 ao
213 4336 240 4372 ιι.
258 4323 306 4373 sot
325 4318 360 4373 ad
379 4317 460 4371 amF
461 4317 488 4383 1.,
507 4316 540 4371 cf.
557 4317 678 4372 Brixium
696 4316 730 4370 ad
749 4333 776 4371 u.
793 4320 841 4370 809
858 4321 886 4369 et
901 4316 1009 4370 812Bx.
1036 4315 1116 4370 Patet
1133 4331 1199 4372 sane
1216 4318 1244 4372 in
1262 4319 1314 4374 hac

164 4403 338 4479 captiuorum
357 4417 455 4457 scaeua
474 4401 520 4469 (IV
531 4406 558 4467 2)
575 4404 659 4458 multo
677 4401 758 4456 latius
776 4400 976 4457 retractationis
994 4401 1108 4469 macula,
1128 4419 1206 4471 quam
1225 4406 1314 4460 adhuc
