<?xml version="1.0" encoding="UTF-8"?>
<!DOCTYPE html PUBLIC "-//W3C//DTD XHTML 1.0 Transitional//EN"
    "http://www.w3.org/TR/xhtml1/DTD/xhtml1-transitional.dtd">
<html xmlns="http://www.w3.org/1999/xhtml" xml:lang="en" lang="en">
 <head>
  <title>
</title>
<meta http-equiv="Content-Type" content="text/html;charset=utf-8" />
  <meta name='ocr-system' content='tesseract 3.04.00' />
  <meta name='ocr-capabilities' content='ocr_page ocr_carea ocr_par ocr_line ocrx_word'/>
</head>
<body>
  <div class='ocr_page' id='page_1' title='image "./debacchidumplau01bracgoog_0085.png"; bbox 0 0 2940 5144; ppageno 0'>
   <div class='ocr_carea' id='block_1_1' title="bbox 158 317 919 380">
    <p class='ocr_par' dir='ltr' id='par_1_1' title="bbox 158 317 919 380">
     <span class='ocr_line' id='line_1_1' title="bbox 158 317 919 380; baseline -0.008 0"><span class='ocrx_word' id='word_1_1' title='bbox 158 317 220 380; x_wconf 80' lang='lat'><strong>132</strong></span> <span class='ocrx_word' id='word_1_2' title='bbox 548 318 726 374; x_wconf 84' lang='lat' dir='ltr'><strong>Gnoltbarius</strong></span> <span class='ocrx_word' id='word_1_3' title='bbox 744 318 919 374; x_wconf 84' lang='lat' dir='ltr'><strong>Braebmann</strong></span> 
     </span>
    </p>
   </div>
   <div class='ocr_carea' id='block_1_2' title="bbox 156 488 1316 1890">
    <p class='ocr_par' dir='ltr' id='par_1_2' title="bbox 157 488 1313 776">
     <span class='ocr_line' id='line_1_2' title="bbox 157 488 1313 575; baseline -0.003 -16"><span class='ocrx_word' id='word_1_4' title='bbox 157 491 278 574; x_wconf 87' lang='lat' dir='ltr'><strong>dentis,</strong></span> <span class='ocrx_word' id='word_1_5' title='bbox 308 490 393 572; x_wconf 88' lang='lat' dir='ltr'><strong>quod</strong></span> <span class='ocrx_word' id='word_1_6' title='bbox 421 491 481 556; x_wconf 86' lang='lat' dir='ltr'><strong>bac</strong></span> <span class='ocrx_word' id='word_1_7' title='bbox 508 492 580 575; x_wconf 87' lang='lat' dir='ltr'><strong>ipsa</strong></span> <span class='ocrx_word' id='word_1_8' title='bbox 608 489 802 573; x_wconf 75' lang='lat' dir='ltr'>loquacitate</span> <span class='ocrx_word' id='word_1_9' title='bbox 830 488 987 573; x_wconf 83' lang='lat' dir='ltr'><strong>effecerit,</strong></span> <span class='ocrx_word' id='word_1_10' title='bbox 1017 494 1052 554; x_wconf 88' lang='lat' dir='ltr'><strong>ut</strong></span> <span class='ocrx_word' id='word_1_11' title='bbox 1074 506 1198 571; x_wconf 87' lang='lat' dir='ltr'><strong>senex,</strong></span> <span class='ocrx_word' id='word_1_12' title='bbox 1225 488 1313 556; x_wconf 90' lang='lat' dir='ltr'><strong>simol</strong></span> 
     </span>
     <span class='ocr_line' id='line_1_3' title="bbox 158 589 1310 677; baseline -0.002 -18"><span class='ocrx_word' id='word_1_13' title='bbox 158 594 300 660; x_wconf 86' lang='lat' dir='ltr'><strong>iacturae</strong></span> <span class='ocrx_word' id='word_1_14' title='bbox 314 589 483 661; x_wconf 83' lang='lat' dir='ltr'><strong>formidine</strong></span> <span class='ocrx_word' id='word_1_15' title='bbox 497 592 595 676; x_wconf 86' lang='lat' dir='ltr'><strong>plane</strong></span> <span class='ocrx_word' id='word_1_16' title='bbox 610 598 732 677; x_wconf 89' lang='lat' dir='ltr'><strong>captus,</strong></span> <span class='ocrx_word' id='word_1_17' title='bbox 755 592 808 657; x_wconf 90' lang='lat' dir='ltr'><strong>uel</strong></span> <span class='ocrx_word' id='word_1_18' title='bbox 829 593 872 658; x_wconf 89' lang='lat' dir='ltr'><strong>ab</strong></span> <span class='ocrx_word' id='word_1_19' title='bbox 894 591 1008 658; x_wconf 90' lang='lat' dir='ltr'><strong>umbra</strong></span> <span class='ocrx_word' id='word_1_20' title='bbox 1029 589 1228 675; x_wconf 79' lang='lat' dir='ltr'><strong>suspicionis</strong></span> <span class='ocrx_word' id='word_1_21' title='bbox 1250 591 1310 657; x_wconf 93' lang='lat' dir='ltr'><strong>lon·</strong></span> 
     </span>
     <span class='ocr_line' id='line_1_4' title="bbox 157 694 404 776; baseline 0 -16"><span class='ocrx_word' id='word_1_22' title='bbox 157 694 288 776; x_wconf 88' lang='lat' dir='ltr'><strong>gissime</strong></span> <span class='ocrx_word' id='word_1_23' title='bbox 311 694 404 760; x_wconf 88' lang='lat' dir='ltr'><strong>absit.</strong></span> 
     </span>
    </p>

    <p class='ocr_par' dir='ltr' id='par_1_3' title="bbox 156 792 1316 1890">
     <span class='ocr_line' id='line_1_5' title="bbox 243 792 1309 880; baseline -0.004 -16"><span class='ocrx_word' id='word_1_24' title='bbox 243 794 335 864; x_wconf 83' lang='lat' dir='ltr'>Unde</span> <span class='ocrx_word' id='word_1_25' title='bbox 358 802 507 880; x_wconf 86' lang='lat' dir='ltr'><strong>apparet,</strong></span> <span class='ocrx_word' id='word_1_26' title='bbox 536 794 564 860; x_wconf 89' lang='lat' dir='ltr'><strong>si</strong></span> <span class='ocrx_word' id='word_1_27' title='bbox 587 794 659 875; x_wconf 90' lang='lat' dir='ltr'><strong>quis</strong></span> <span class='ocrx_word' id='word_1_28' title='bbox 681 813 828 863; x_wconf 91' lang='lat' dir='ltr'><strong>resecare</strong></span> <span class='ocrx_word' id='word_1_29' title='bbox 854 792 934 860; x_wconf 85' lang='lat' dir='ltr'><strong>uelit</strong></span> <span class='ocrx_word' id='word_1_30' title='bbox 962 810 1177 878; x_wconf 86' lang='lat' dir='ltr'><strong>quaeeunque</strong></span> <span class='ocrx_word' id='word_1_31' title='bbox 1205 813 1309 879; x_wconf 90' lang='lat' dir='ltr'><strong>super·</strong></span> 
     </span>
     <span class='ocr_line' id='line_1_6' title="bbox 156 893 1309 978; baseline -0.001 -15"><span class='ocrx_word' id='word_1_32' title='bbox 156 915 300 963; x_wconf 89' lang='lat' dir='ltr'><strong>uacanea</strong></span> <span class='ocrx_word' id='word_1_33' title='bbox 320 895 498 977; x_wconf 86' lang='lat' dir='ltr'><strong>uideantur,</strong></span> <span class='ocrx_word' id='word_1_34' title='bbox 521 895 696 962; x_wconf 91' lang='lat' dir='ltr'><strong>uerendum</strong></span> <span class='ocrx_word' id='word_1_35' title='bbox 720 915 789 963; x_wconf 89' lang='lat' dir='ltr'><strong>esse</strong></span> <span class='ocrx_word' id='word_1_36' title='bbox 811 915 851 961; x_wconf 94' lang='lat' dir='ltr'><strong>ne</strong></span> <span class='ocrx_word' id='word_1_37' title='bbox 874 894 968 960; x_wconf 90' lang='lat' dir='ltr'><strong>simul</strong></span> <span class='ocrx_word' id='word_1_38' title='bbox 989 893 1228 978; x_wconf 77' lang='lat' dir='ltr'><strong>propemodum</strong></span> <span class='ocrx_word' id='word_1_39' title='bbox 1249 916 1309 964; x_wconf 92' lang='lat' dir='ltr'><strong>onr-</strong></span> 
     </span>
     <span class='ocr_line' id='line_1_7' title="bbox 156 994 1309 1081; baseline 0 -17"><span class='ocrx_word' id='word_1_40' title='bbox 156 1018 230 1066; x_wconf 90' lang='lat' dir='ltr'><strong>nem</strong></span> <span class='ocrx_word' id='word_1_41' title='bbox 263 997 338 1065; x_wconf 89' lang='lat' dir='ltr'><strong>huic</strong></span> <span class='ocrx_word' id='word_1_42' title='bbox 366 1015 504 1063; x_wconf 76' lang='lat' dir='ltr'><strong>scaenae</strong></span> <span class='ocrx_word' id='word_1_43' title='bbox 536 997 721 1079; x_wconf 77' lang='lat' dir='ltr'><strong>abstergeat</strong></span> <span class='ocrx_word' id='word_1_44' title='bbox 751 994 997 1062; x_wconf 88' lang='lat' dir='ltr'><strong>urbanissimum</strong></span> <span class='ocrx_word' id='word_1_45' title='bbox 1026 1014 1089 1077; x_wconf 84' lang='lat' dir='ltr'><strong>quo</strong></span> <span class='ocrx_word' id='word_1_46' title='bbox 1120 997 1309 1081; x_wconf 83' lang='lat' dir='ltr'><strong>exsplende</strong></span> 
     </span>
     <span class='ocr_line' id='line_1_8' title="bbox 156 1097 1310 1178; baseline 0.003 -15"><span class='ocrx_word' id='word_1_47' title='bbox 156 1099 217 1163; x_wconf 90' lang='lat' dir='ltr'><strong>scit</strong></span> <span class='ocrx_word' id='word_1_48' title='bbox 250 1097 429 1164; x_wconf 89' lang='lat' dir='ltr'><strong>candorem.</strong></span> <span class='ocrx_word' id='word_1_49' title='bbox 484 1098 597 1178; x_wconf 85' lang='lat' dir='ltr'><strong>ltaque</strong></span> <span class='ocrx_word' id='word_1_50' title='bbox 628 1098 748 1163; x_wconf 82' lang='lat' dir='ltr'><strong>inille</strong></span> <span class='ocrx_word' id='word_1_51' title='bbox 779 1097 969 1164; x_wconf 86' lang='lat' dir='ltr'><strong>narrationis</strong></span> <span class='ocrx_word' id='word_1_52' title='bbox 996 1100 1089 1178; x_wconf 90' lang='lat' dir='ltr'><strong>parte</strong></span> <span class='ocrx_word' id='word_1_53' title='bbox 1121 1115 1210 1178; x_wconf 84' lang='lat' dir='ltr'><strong>qnae</strong></span> <span class='ocrx_word' id='word_1_54' title='bbox 1243 1119 1310 1166; x_wconf 91' lang='lat' dir='ltr'><strong>eon-</strong></span> 
     </span>
     <span class='ocr_line' id='line_1_9' title="bbox 157 1196 1311 1284; baseline 0.007 -24"><span class='ocrx_word' id='word_1_55' title='bbox 157 1200 276 1264; x_wconf 92' lang='lat' dir='ltr'><strong>tinetur</strong></span> <span class='ocrx_word' id='word_1_56' title='bbox 304 1196 450 1264; x_wconf 89' lang='lat' dir='ltr'><strong>uersibus</strong></span> <span class='ocrx_word' id='word_1_57' title='bbox 480 1200 658 1262; x_wconf 85' lang='grc'>286-293</span> <span class='ocrx_word' id='word_1_58' title='bbox 688 1199 814 1265; x_wconf 84' lang='lat' dir='ltr'><strong>etiamsi</strong></span> <span class='ocrx_word' id='word_1_59' title='bbox 842 1219 913 1265; x_wconf 90' lang='lat' dir='ltr'><strong>enm</strong></span> <span class='ocrx_word' id='word_1_60' title='bbox 941 1197 1040 1264; x_wconf 91' lang='lat' dir='ltr'><strong>multo</strong></span> <span class='ocrx_word' id='word_1_61' title='bbox 1070 1196 1188 1265; x_wconf 89' lang='lat' dir='ltr'><strong>latiore</strong></span> <span class='ocrx_word' id='word_1_62' title='bbox 1219 1221 1311 1284; x_wconf 90' lang='lat' dir='ltr'><strong>quam</strong></span> 
     </span>
     <span class='ocr_line' id='line_1_10' title="bbox 157 1296 1311 1382; baseline 0.006 -18"><span class='ocrx_word' id='word_1_63' title='bbox 157 1317 238 1382; x_wconf 89' lang='lat' dir='ltr'><strong>opns</strong></span> <span class='ocrx_word' id='word_1_64' title='bbox 260 1303 328 1363; x_wconf 90' lang='lat' dir='ltr'><strong>erat</strong></span> <span class='ocrx_word' id='word_1_65' title='bbox 349 1297 523 1381; x_wconf 80' lang='lat' dir='ltr'><strong>Chrysalus</strong></span> <span class='ocrx_word' id='word_1_66' title='bbox 545 1298 642 1364; x_wconf 90' lang='lat' dir='ltr'><strong>utitur</strong></span> <span class='ocrx_word' id='word_1_67' title='bbox 668 1301 837 1367; x_wconf 89' lang='lat' dir='ltr'><strong>uerborum</strong></span> <span class='ocrx_word' id='word_1_68' title='bbox 866 1298 1012 1380; x_wconf 85' lang='lat' dir='ltr'><strong>circuitu,</strong></span> <span class='ocrx_word' id='word_1_69' title='bbox 1041 1303 1107 1363; x_wconf 93' lang='lat' dir='ltr'><strong>tum</strong></span> <span class='ocrx_word' id='word_1_70' title='bbox 1138 1296 1311 1370; x_wconf 83' lang='lat' dir='ltr'><strong>dubitatio</strong></span> 
     </span>
     <span class='ocr_line' id='line_1_11' title="bbox 157 1397 1313 1487; baseline 0.004 -23"><span class='ocrx_word' id='word_1_71' title='bbox 157 1421 232 1466; x_wconf 90' lang='lat' dir='ltr'><strong>nem</strong></span> <span class='ocrx_word' id='word_1_72' title='bbox 254 1419 331 1465; x_wconf 89' lang='lat' dir='ltr'><strong>sane</strong></span> <span class='ocrx_word' id='word_1_73' title='bbox 353 1397 480 1465; x_wconf 86' lang='lat' dir='ltr'><strong>adferre</strong></span> <span class='ocrx_word' id='word_1_74' title='bbox 503 1408 638 1484; x_wconf 88' lang='lat' dir='ltr'><strong>possunt</strong></span> <span class='ocrx_word' id='word_1_75' title='bbox 665 1400 766 1468; x_wconf 88' lang='lat' dir='ltr'><strong>uerba</strong></span> <span class='ocrx_word' id='word_1_76' title='bbox 794 1421 875 1485; x_wconf 83' lang='lat' dir='ltr'><strong>quoe</strong></span> <span class='ocrx_word' id='word_1_77' title='bbox 895 1421 949 1464; x_wconf 82' lang='lat' dir='ltr'><strong>res</strong></span> <span class='ocrx_word' id='word_1_78' title='bbox 968 1408 1137 1483; x_wconf 72' lang='lat' dir='ltr'><strong>gereretur</strong></span> <span class='ocrx_word' id='word_1_79' title='bbox 1167 1398 1215 1485; x_wconf 91' lang='lat' dir='ltr'><strong>(u.</strong></span> <span class='ocrx_word' id='word_1_80' title='bbox 1242 1404 1313 1487; x_wconf 80' lang='grc'>291)</span> 
     </span>
     <span class='ocr_line' id='line_1_12' title="bbox 157 1500 1313 1589; baseline 0.006 -24"><span class='ocrx_word' id='word_1_81' title='bbox 157 1500 345 1568; x_wconf 88' lang='lat' dir='ltr'><strong>insolentius</strong></span> <span class='ocrx_word' id='word_1_82' title='bbox 366 1500 463 1582; x_wconf 88' lang='lat' dir='ltr'><strong>paulo</strong></span> <span class='ocrx_word' id='word_1_83' title='bbox 486 1519 505 1565; x_wconf 92' lang='lat' dir='ltr'><strong>e</strong></span> <span class='ocrx_word' id='word_1_84' title='bbox 526 1520 555 1567; x_wconf 86' lang='lat' dir='ltr'><strong>u.</strong></span> <span class='ocrx_word' id='word_1_85' title='bbox 573 1505 632 1568; x_wconf 83' lang='grc'><strong>297</strong></span> <span class='ocrx_word' id='word_1_86' title='bbox 657 1501 810 1586; x_wconf 89' lang='lat' dir='ltr'><strong>repetita:</strong></span> <span class='ocrx_word' id='word_1_87' title='bbox 839 1501 952 1568; x_wconf 89' lang='lat' dir='ltr'><strong>tollere</strong></span> <span class='ocrx_word' id='word_1_88' title='bbox 974 1506 1082 1567; x_wconf 89' lang='lat' dir='ltr'><strong>tamen</strong></span> <span class='ocrx_word' id='word_1_89' title='bbox 1109 1520 1166 1568; x_wconf 87' lang='lat' dir='ltr'><strong>nn.</strong></span> <span class='ocrx_word' id='word_1_90' title='bbox 1190 1506 1258 1569; x_wconf 84' lang='grc'><strong>287</strong></span> <span class='ocrx_word' id='word_1_91' title='bbox 1271 1525 1313 1589; x_wconf 88' lang='lat' dir='ltr'><strong>sq.</strong></span> 
     </span>
     <span class='ocr_line' id='line_1_13' title="bbox 158 1601 1314 1691; baseline 0.003 -23"><span class='ocrx_word' id='word_1_92' title='bbox 158 1603 214 1668; x_wconf 84' lang='lat' dir='ltr'><strong>uix</strong></span> <span class='ocrx_word' id='word_1_93' title='bbox 229 1620 324 1667; x_wconf 86' lang='lat' dir='ltr'><strong>ausus</strong></span> <span class='ocrx_word' id='word_1_94' title='bbox 339 1602 408 1668; x_wconf 93' lang='lat' dir='ltr'><strong>sim.</strong></span> <span class='ocrx_word' id='word_1_95' title='bbox 441 1602 578 1688; x_wconf 84' lang='lat' dir='ltr'><strong>Aegrius</strong></span> <span class='ocrx_word' id='word_1_96' title='bbox 594 1605 660 1669; x_wconf 88' lang='lat' dir='ltr'><strong>fero</strong></span> <span class='ocrx_word' id='word_1_97' title='bbox 675 1601 804 1669; x_wconf 89' lang='lat' dir='ltr'><strong>inutiles</strong></span> <span class='ocrx_word' id='word_1_98' title='bbox 818 1621 966 1669; x_wconf 80' lang='lat' dir='ltr'><strong>uemuum</strong></span> <span class='ocrx_word' id='word_1_99' title='bbox 981 1604 1131 1666; x_wconf 86' lang='grc'>315-24</span> <span class='ocrx_word' id='word_1_100' title='bbox 1147 1606 1314 1691; x_wconf 82' lang='lat' dir='ltr'><strong>ambages,</strong></span> 
     </span>
     <span class='ocr_line' id='line_1_14' title="bbox 158 1702 1316 1784; baseline 0.007 -15"><span class='ocrx_word' id='word_1_101' title='bbox 158 1723 229 1769; x_wconf 91' lang='lat' dir='ltr'><strong>cum</strong></span> <span class='ocrx_word' id='word_1_102' title='bbox 250 1703 330 1769; x_wconf 91' lang='lat' dir='ltr'><strong>nihil</strong></span> <span class='ocrx_word' id='word_1_103' title='bbox 352 1703 395 1769; x_wconf 87' lang='lat' dir='ltr'><strong>sit</strong></span> <span class='ocrx_word' id='word_1_104' title='bbox 416 1709 449 1770; x_wconf 88' lang='lat' dir='ltr'><strong>et</strong></span> <span class='ocrx_word' id='word_1_105' title='bbox 469 1703 596 1770; x_wconf 81' lang='lat' dir='ltr'><strong>facilius</strong></span> <span class='ocrx_word' id='word_1_106' title='bbox 618 1710 651 1768; x_wconf 89' lang='lat' dir='ltr'><strong>et</strong></span> <span class='ocrx_word' id='word_1_107' title='bbox 672 1702 792 1784; x_wconf 85' lang='lat' dir='ltr'><strong>lenius,</strong></span> <span class='ocrx_word' id='word_1_108' title='bbox 815 1722 918 1784; x_wconf 79' lang='lat' dir='ltr'><strong>,quam</strong></span> <span class='ocrx_word' id='word_1_109' title='bbox 940 1704 1091 1769; x_wconf 90' lang='lat' dir='ltr'><strong>inunum</strong></span> <span class='ocrx_word' id='word_1_110' title='bbox 1121 1707 1316 1777; x_wconf 79' lang='lat' dir='ltr'><strong>contrahere</strong></span> 
     </span>
     <span class='ocr_line' id='line_1_15' title="bbox 156 1802 681 1890; baseline -0.002 -20"><span class='ocrx_word' id='word_1_111' title='bbox 156 1825 208 1872; x_wconf 85' lang='lat' dir='ltr'><strong>uu.</strong></span> <span class='ocrx_word' id='word_1_112' title='bbox 225 1808 286 1870; x_wconf 82' lang='lat'><strong>319</strong></span> <span class='ocrx_word' id='word_1_113' title='bbox 303 1810 335 1871; x_wconf 86' lang='lat' dir='ltr'><strong>et</strong></span> <span class='ocrx_word' id='word_1_114' title='bbox 349 1807 410 1869; x_wconf 81' lang='lat'><strong>320</strong></span> <span class='ocrx_word' id='word_1_115' title='bbox 435 1802 495 1871; x_wconf 94' lang='lat' dir='ltr'><strong>boc</strong></span> <span class='ocrx_word' id='word_1_116' title='bbox 517 1804 681 1890; x_wconf 87' lang='lat' dir='ltr'><strong>exemplo:</strong></span> 
     </span>
    </p>
   </div>
   <div class='ocr_carea' id='block_1_3' title="bbox 307 1936 1169 2008">
    <p class='ocr_par' dir='ltr' id='par_1_4' title="bbox 307 1936 1169 2008">
     <span class='ocr_line' id='line_1_16' title="bbox 307 1936 1169 2008; baseline 0.002 -17"><span class='ocrx_word' id='word_1_117' title='bbox 307 1937 366 1992; x_wconf 89' lang='lat' dir='ltr'><strong>Nee</strong></span> <span class='ocrx_word' id='word_1_118' title='bbox 385 1939 528 2004; x_wconf 82' lang='lat' dir='ltr'><strong>quoiquam</strong></span> <span class='ocrx_word' id='word_1_119' title='bbox 546 1936 646 1991; x_wconf 86' lang='lat' dir='ltr'><strong>uoluit:</strong></span> <span class='ocrx_word' id='word_1_120' title='bbox 664 1937 761 1990; x_wconf 76' lang='lat' dir='ltr'><strong>uerum</strong></span> <span class='ocrx_word' id='word_1_121' title='bbox 779 1936 852 1991; x_wconf 89' lang='lat' dir='ltr'><strong>baud</strong></span> <span class='ocrx_word' id='word_1_122' title='bbox 869 1936 1031 2005; x_wconf 88' lang='lat' dir='ltr'><strong>permultum</strong></span> <span class='ocrx_word' id='word_1_123' title='bbox 1048 1937 1144 1993; x_wconf 71' lang='lat' dir='ltr'><strong>attulit</strong></span> <span class='ocrx_word' id='word_1_124' title='bbox 1159 1974 1169 2008; x_wconf 84' lang='lat'><strong><em>,</em></strong></span> 
     </span>
    </p>
   </div>
   <div class='ocr_carea' id='block_1_4' title="bbox 156 2055 1316 2144">
    <p class='ocr_par' dir='ltr' id='par_1_5' title="bbox 156 2055 1316 2144">
     <span class='ocr_line' id='line_1_17' title="bbox 156 2055 1316 2144; baseline 0.006 -21"><span class='ocrx_word' id='word_1_125' title='bbox 156 2077 283 2126; x_wconf 89' lang='lat' dir='ltr'><strong>uersum</strong></span> <span class='ocrx_word' id='word_1_126' title='bbox 313 2064 420 2126; x_wconf 90' lang='lat' dir='ltr'><strong>autem</strong></span> <span class='ocrx_word' id='word_1_127' title='bbox 449 2062 510 2124; x_wconf 83' lang='lat'><strong>323</strong></span> <span class='ocrx_word' id='word_1_128' title='bbox 545 2058 676 2122; x_wconf 91' lang='lat' dir='ltr'><strong>minime</strong></span> <span class='ocrx_word' id='word_1_129' title='bbox 709 2076 786 2123; x_wconf 91' lang='lat' dir='ltr'><strong>sane</strong></span> <span class='ocrx_word' id='word_1_130' title='bbox 817 2057 925 2142; x_wconf 93' lang='lat' dir='ltr'><strong>inepte</strong></span> <span class='ocrx_word' id='word_1_131' title='bbox 957 2055 1081 2143; x_wconf 88' lang='lat' dir='ltr'><strong>pridem</strong></span> <span class='ocrx_word' id='word_1_132' title='bbox 1114 2063 1316 2144; x_wconf 87' lang='lat' dir='ltr'><strong>expunxerit</strong></span> 
     </span>
    </p>
   </div>
   <div class='ocr_carea' id='block_1_5' title="bbox 156 2156 1316 2340">
    <p class='ocr_par' dir='ltr' id='par_1_6' title="bbox 156 2156 1316 2340">
     <span class='ocr_line' id='line_1_18' title="bbox 157 2156 1316 2243; baseline 0.006 -19"><span class='ocrx_word' id='word_1_133' title='bbox 157 2159 311 2243; x_wconf 86' lang='lat' dir='ltr'><strong>Gnyetus.</strong></span> <span class='ocrx_word' id='word_1_134' title='bbox 349 2158 551 2243; x_wconf 77' lang='lat' dir='ltr'><strong>Quamquam</strong></span> <span class='ocrx_word' id='word_1_135' title='bbox 567 2156 761 2225; x_wconf 89' lang='lat' dir='ltr'><strong>confidenter</strong></span> <span class='ocrx_word' id='word_1_136' title='bbox 783 2158 974 2226; x_wconf 86' lang='lat' dir='ltr'><strong>contendere</strong></span> <span class='ocrx_word' id='word_1_137' title='bbox 997 2157 1154 2225; x_wconf 88' lang='lat' dir='ltr'><strong>insiticios</strong></span> <span class='ocrx_word' id='word_1_138' title='bbox 1178 2181 1316 2231; x_wconf 87' lang='lat' dir='ltr'><strong>essene</strong></span> 
     </span>
     <span class='ocr_line' id='line_1_19' title="bbox 156 2257 701 2340; baseline -0.002 -15"><span class='ocrx_word' id='word_1_139' title='bbox 156 2261 215 2326; x_wconf 89' lang='lat' dir='ltr'><strong>hos</strong></span> <span class='ocrx_word' id='word_1_140' title='bbox 238 2258 367 2340; x_wconf 89' lang='lat' dir='ltr'><strong>quidem</strong></span> <span class='ocrx_word' id='word_1_141' title='bbox 390 2260 564 2327; x_wconf 88' lang='lat' dir='ltr'><strong>uersiculos</strong></span> <span class='ocrx_word' id='word_1_142' title='bbox 587 2257 701 2326; x_wconf 89' lang='lat' dir='ltr'><strong>audeo.</strong></span> 
     </span>
    </p>
   </div>
   <div class='ocr_carea' id='block_1_6' title="bbox 122 2408 1368 3710">
    <p class='ocr_par' dir='ltr' id='par_1_7' title="bbox 153 2408 1368 3285">
     <span class='ocr_line' id='line_1_20' title="bbox 241 2408 1313 2500; baseline 0.007 -25"><span class='ocrx_word' id='word_1_143' title='bbox 241 2414 262 2492; x_wconf 64' lang='grc' dir='ltr'>ξ</span> <span class='ocrx_word' id='word_1_144' title='bbox 285 2414 335 2475; x_wconf 84' lang='grc'><strong>37.</strong></span> <span class='ocrx_word' id='word_1_145' title='bbox 376 2411 503 2492; x_wconf 88' lang='lat' dir='ltr'><strong>Verum,</strong></span> <span class='ocrx_word' id='word_1_146' title='bbox 526 2416 561 2477; x_wconf 90' lang='lat' dir='ltr'><strong>ut</strong></span> <span class='ocrx_word' id='word_1_147' title='bbox 583 2410 717 2493; x_wconf 82' lang='lat' dir='ltr'><strong>adsolet,</strong></span> <span class='ocrx_word' id='word_1_148' title='bbox 741 2408 827 2492; x_wconf 92' lang='lat' dir='ltr'><strong>quod</strong></span> <span class='ocrx_word' id='word_1_149' title='bbox 848 2409 973 2476; x_wconf 91' lang='lat' dir='ltr'><strong>modice</strong></span> <span class='ocrx_word' id='word_1_150' title='bbox 995 2416 1129 2492; x_wconf 87' lang='lat' dir='ltr'><strong>arteque</strong></span> <span class='ocrx_word' id='word_1_151' title='bbox 1152 2417 1313 2500; x_wconf 87' lang='lat' dir='ltr'><strong>tempera·</strong></span> 
     </span>
     <span class='ocr_line' id='line_1_21' title="bbox 157 2510 1330 2596; baseline 0.005 -18"><span class='ocrx_word' id='word_1_152' title='bbox 157 2519 224 2579; x_wconf 89' lang='lat' dir='ltr'><strong>tum</strong></span> <span class='ocrx_word' id='word_1_153' title='bbox 246 2518 342 2596; x_wconf 90' lang='lat' dir='ltr'><strong>poeta</strong></span> <span class='ocrx_word' id='word_1_154' title='bbox 363 2511 557 2595; x_wconf 86' lang='lat' dir='ltr'><strong>instituerat,</strong></span> <span class='ocrx_word' id='word_1_155' title='bbox 587 2531 658 2579; x_wconf 91' lang='lat' dir='ltr'><strong>cum</strong></span> <span class='ocrx_word' id='word_1_156' title='bbox 679 2511 767 2577; x_wconf 92' lang='lat' dir='ltr'><strong>idem</strong></span> <span class='ocrx_word' id='word_1_157' title='bbox 790 2510 944 2578; x_wconf 86' lang='lat' dir='ltr'><strong>effrenata</strong></span> <span class='ocrx_word' id='word_1_158' title='bbox 960 2510 1094 2578; x_wconf 89' lang='lat' dir='ltr'><strong>libidine</strong></span> <span class='ocrx_word' id='word_1_159' title='bbox 1114 2516 1330 2596; x_wconf 87' lang='lat' dir='ltr'><strong>posteriores.</strong></span> 
     </span>
     <span class='ocr_line' id='line_1_22' title="bbox 156 2612 1311 2701; baseline 0.006 -23"><span class='ocrx_word' id='word_1_160' title='bbox 156 2617 327 2695; x_wconf 85' lang='lat' dir='ltr'><strong>augerent:</strong></span> <span class='ocrx_word' id='word_1_161' title='bbox 350 2612 531 2679; x_wconf 86' lang='lat' dir='ltr'><strong>nouaclum</strong></span> <span class='ocrx_word' id='word_1_162' title='bbox 547 2632 717 2699; x_wconf 88' lang='lat' dir='ltr'><strong>oppressos</strong></span> <span class='ocrx_word' id='word_1_163' title='bbox 740 2613 863 2678; x_wconf 87' lang='lat' dir='ltr'><strong>absona</strong></span> <span class='ocrx_word' id='word_1_164' title='bbox 885 2613 1080 2680; x_wconf 89' lang='lat' dir='ltr'><strong>uerbcsitate</strong></span> <span class='ocrx_word' id='word_1_165' title='bbox 1102 2632 1167 2679; x_wconf 93' lang='lat' dir='ltr'><strong>non</strong></span> <span class='ocrx_word' id='word_1_166' title='bbox 1188 2636 1311 2701; x_wconf 90' lang='lat' dir='ltr'><strong>paucos</strong></span> 
     </span>
     <span class='ocr_line' id='line_1_23' title="bbox 155 2713 1310 2797; baseline 0.004 -17"><span class='ocrx_word' id='word_1_167' title='bbox 155 2715 254 2797; x_wconf 90' lang='lat' dir='ltr'><strong>locos,</strong></span> <span class='ocrx_word' id='word_1_168' title='bbox 276 2713 450 2781; x_wconf 90' lang='lat' dir='ltr'><strong>sedetiam</strong></span> <span class='ocrx_word' id='word_1_169' title='bbox 473 2713 661 2780; x_wconf 85' lang='lat' dir='ltr'><strong>difficultate</strong></span> <span class='ocrx_word' id='word_1_170' title='bbox 683 2713 856 2782; x_wconf 89' lang='lat' dir='ltr'><strong>necessarii</strong></span> <span class='ocrx_word' id='word_1_171' title='bbox 877 2713 1104 2780; x_wconf 85' lang='lat' dir='ltr'><strong>sententiarum</strong></span> <span class='ocrx_word' id='word_1_172' title='bbox 1125 2735 1234 2783; x_wconf 85' lang='lat' dir='ltr'><strong>nexus</strong></span> <span class='ocrx_word' id='word_1_173' title='bbox 1256 2719 1310 2785; x_wconf 93' lang='lat' dir='ltr'><strong>im-</strong></span> 
     </span>
     <span class='ocr_line' id='line_1_24' title="bbox 154 2814 1368 2904; baseline 0.001 -20"><span class='ocrx_word' id='word_1_174' title='bbox 154 2815 281 2901; x_wconf 89' lang='lat' dir='ltr'><strong>peditos</strong></span> <span class='ocrx_word' id='word_1_175' title='bbox 295 2814 510 2882; x_wconf 88' lang='lat' dir='ltr'><strong>reddiderunt.</strong></span> <span class='ocrx_word' id='word_1_176' title='bbox 541 2814 627 2893; x_wconf 78' lang='lat' dir='ltr'><strong>Quos</strong></span> <span class='ocrx_word' id='word_1_177' title='bbox 644 2822 750 2882; x_wconf 88' lang='lat' dir='ltr'><strong>tamen</strong></span> <span class='ocrx_word' id='word_1_178' title='bbox 765 2815 794 2880; x_wconf 88' lang='lat' dir='ltr'><strong>si</strong></span> <span class='ocrx_word' id='word_1_179' title='bbox 810 2815 880 2897; x_wconf 88' lang='lat' dir='ltr'><strong>quis</strong></span> <span class='ocrx_word' id='word_1_180' title='bbox 895 2834 1032 2899; x_wconf 88' lang='lat' dir='ltr'><strong>purgare</strong></span> <span class='ocrx_word' id='word_1_181' title='bbox 1047 2822 1178 2884; x_wconf 86' lang='lat' dir='ltr'><strong>conetur</strong></span> <span class='ocrx_word' id='word_1_182' title='bbox 1192 2820 1309 2904; x_wconf 90' lang='lat' dir='ltr'><strong>pannis</strong></span> <span class='ocrx_word' id='word_1_183' title='bbox 1366 2880 1368 2903; x_wconf 82' lang='grc'>,</span> 
     </span>
     <span class='ocr_line' id='line_1_25' title="bbox 155 2914 1307 3000; baseline 0.003 -18"><span class='ocrx_word' id='word_1_184' title='bbox 155 2918 261 2983; x_wconf 88' lang='lat' dir='ltr'><strong>aliena</strong></span> <span class='ocrx_word' id='word_1_185' title='bbox 282 2914 439 2982; x_wconf 89' lang='lat' dir='ltr'><strong>industria</strong></span> <span class='ocrx_word' id='word_1_186' title='bbox 459 2916 600 3000; x_wconf 85' lang='lat' dir='ltr'><strong>adsutis,</strong></span> <span class='ocrx_word' id='word_1_187' title='bbox 629 2918 807 2984; x_wconf 87' lang='lat' dir='ltr'><strong>canendum</strong></span> <span class='ocrx_word' id='word_1_188' title='bbox 831 2922 957 3000; x_wconf 90' lang='lat' dir='ltr'><strong>estne,</strong></span> <span class='ocrx_word' id='word_1_189' title='bbox 986 2935 1070 2997; x_wconf 88' lang='lat' dir='ltr'><strong>quae</strong></span> <span class='ocrx_word' id='word_1_190' title='bbox 1095 2924 1151 2984; x_wconf 86' lang='lat' dir='ltr'><strong>aut</strong></span> <span class='ocrx_word' id='word_1_191' title='bbox 1179 2920 1307 2988; x_wconf 92' lang='lat' dir='ltr'><strong>inter·</strong></span> 
     </span>
     <span class='ocr_line' id='line_1_26' title="bbox 154 3016 1307 3101; baseline 0.005 -18"><span class='ocrx_word' id='word_1_192' title='bbox 154 3016 357 3101; x_wconf 86' lang='lat' dir='ltr'><strong>polatoris</strong></span> <span class='ocrx_word' id='word_1_193' title='bbox 380 3016 543 3084; x_wconf 87' lang='lat' dir='ltr'><strong>cuiusdam</strong></span> <span class='ocrx_word' id='word_1_194' title='bbox 558 3017 777 3101; x_wconf 89' lang='lat' dir='ltr'><strong>impudentiae</strong></span> <span class='ocrx_word' id='word_1_195' title='bbox 792 3025 848 3084; x_wconf 87' lang='lat' dir='ltr'><strong>ant</strong></span> <span class='ocrx_word' id='word_1_196' title='bbox 861 3018 1002 3085; x_wconf 89' lang='lat' dir='ltr'><strong>insulsae</strong></span> <span class='ocrx_word' id='word_1_197' title='bbox 1017 3018 1200 3086; x_wconf 88' lang='lat' dir='ltr'><strong>credulitati</strong></span> <span class='ocrx_word' id='word_1_198' title='bbox 1224 3022 1307 3089; x_wconf 91' lang='lat' dir='ltr'><strong>dia-</strong></span> 
     </span>
     <span class='ocr_line' id='line_1_27' title="bbox 155 3117 1307 3203; baseline 0.008 -22"><span class='ocrx_word' id='word_1_199' title='bbox 155 3123 370 3184; x_wconf 89' lang='lat' dir='ltr'><strong>sceuastae</strong></span> <span class='ocrx_word' id='word_1_200' title='bbox 392 3117 579 3202; x_wconf 84' lang='lat' dir='ltr'><strong>debeantur,</strong></span> <span class='ocrx_word' id='word_1_201' title='bbox 605 3140 715 3186; x_wconf 91' lang='lat' dir='ltr'><strong>eorum</strong></span> <span class='ocrx_word' id='word_1_202' title='bbox 737 3118 863 3203; x_wconf 91' lang='lat' dir='ltr'><strong>eulpam</strong></span> <span class='ocrx_word' id='word_1_203' title='bbox 887 3119 1028 3186; x_wconf 86' lang='lat' dir='ltr'><strong>conferat</strong></span> <span class='ocrx_word' id='word_1_204' title='bbox 1049 3120 1083 3185; x_wconf 92' lang='lat' dir='ltr'><strong>in</strong></span> <span class='ocrx_word' id='word_1_205' title='bbox 1104 3126 1307 3189; x_wconf 89' lang='lat' dir='ltr'><strong>retracta·</strong></span> 
     </span>
     <span class='ocr_line' id='line_1_28' title="bbox 153 3222 286 3285; baseline 0.015 -4"><span class='ocrx_word' id='word_1_206' title='bbox 153 3222 286 3285; x_wconf 91' lang='lat' dir='ltr'><strong>torem.</strong></span> 
     </span>
    </p>

    <p class='ocr_par' dir='ltr' id='par_1_8' title="bbox 122 3319 1364 3710">
     <span class='ocr_line' id='line_1_29' title="bbox 238 3319 1306 3408; baseline 0.005 -23"><span class='ocrx_word' id='word_1_207' title='bbox 238 3319 361 3407; x_wconf 87' lang='lat' dir='ltr'><strong>Veluti,</strong></span> <span class='ocrx_word' id='word_1_208' title='bbox 390 3339 461 3385; x_wconf 91' lang='lat' dir='ltr'><strong>cum</strong></span> <span class='ocrx_word' id='word_1_209' title='bbox 483 3319 539 3384; x_wconf 87' lang='lat' dir='ltr'><strong>uix</strong></span> <span class='ocrx_word' id='word_1_210' title='bbox 561 3319 770 3388; x_wconf 90' lang='lat' dir='ltr'><strong>dubitandum</strong></span> <span class='ocrx_word' id='word_1_211' title='bbox 791 3322 833 3388; x_wconf 88' lang='lat' dir='ltr'><strong>sit</strong></span> <span class='ocrx_word' id='word_1_212' title='bbox 856 3321 932 3408; x_wconf 91' lang='lat' dir='ltr'><strong>quin</strong></span> <span class='ocrx_word' id='word_1_213' title='bbox 954 3340 985 3387; x_wconf 91' lang='lat' dir='ltr'><strong>u.</strong></span> <span class='ocrx_word' id='word_1_214' title='bbox 1005 3324 1066 3386; x_wconf 90' lang='grc'><strong>299</strong></span> <span class='ocrx_word' id='word_1_215' title='bbox 1089 3341 1187 3407; x_wconf 90' lang='lat' dir='ltr'><strong>supra</strong></span> <span class='ocrx_word' id='word_1_216' title='bbox 1209 3343 1306 3406; x_wconf 90' lang='lat' dir='ltr'><strong>quam</strong></span> 
     </span>
     <span class='ocr_line' id='line_1_30' title="bbox 154 3418 1364 3508; baseline 0.01 -23"><span class='ocrx_word' id='word_1_217' title='bbox 154 3420 230 3486; x_wconf 85' lang='lat' dir='ltr'><strong>ferri</strong></span> <span class='ocrx_word' id='word_1_218' title='bbox 251 3419 353 3503; x_wconf 88' lang='lat' dir='ltr'><strong>possit</strong></span> <span class='ocrx_word' id='word_1_219' title='bbox 375 3418 527 3501; x_wconf 86' lang='lat' dir='ltr'><strong>languide</strong></span> <span class='ocrx_word' id='word_1_220' title='bbox 549 3420 708 3488; x_wconf 83' lang='lat' dir='ltr'><strong>claudicet</strong></span> <span class='ocrx_word' id='word_1_221' title='bbox 728 3428 803 3506; x_wconf 84' lang='lat' dir='ltr'><strong>post</strong></span> <span class='ocrx_word' id='word_1_222' title='bbox 825 3443 873 3505; x_wconf 87' lang='lat' dir='ltr'><strong>ea,</strong></span> <span class='ocrx_word' id='word_1_223' title='bbox 897 3441 981 3504; x_wconf 89' lang='lat' dir='ltr'><strong>quae</strong></span> <span class='ocrx_word' id='word_1_224' title='bbox 1003 3427 1036 3489; x_wconf 89' lang='lat' dir='ltr'><strong>et</strong></span> <span class='ocrx_word' id='word_1_225' title='bbox 1056 3423 1182 3508; x_wconf 90' lang='lat' dir='ltr'><strong>plenius</strong></span> <span class='ocrx_word' id='word_1_226' title='bbox 1206 3431 1239 3492; x_wconf 92' lang='lat' dir='ltr'><strong>et</strong></span> <span class='ocrx_word' id='word_1_227' title='bbox 1259 3425 1305 3491; x_wconf 89' lang='lat' dir='ltr'><strong>ni-</strong></span> <span class='ocrx_word' id='word_1_228' title='bbox 1359 3490 1364 3497; x_wconf 94' lang='lat'>.</span> 
     </span>
     <span class='ocr_line' id='line_1_31' title="bbox 122 3520 1306 3608; baseline 0.002 -22"><span class='ocrx_word' id='word_1_229' title='bbox 122 3578 129 3608; x_wconf 28' lang='lat' dir='ltr'>i</span> <span class='ocrx_word' id='word_1_230' title='bbox 154 3520 251 3587; x_wconf 88' lang='lat' dir='ltr'><strong>tidius</strong></span> <span class='ocrx_word' id='word_1_231' title='bbox 273 3520 360 3586; x_wconf 88' lang='lat' dir='ltr'><strong>dicta</strong></span> <span class='ocrx_word' id='word_1_232' title='bbox 382 3526 472 3586; x_wconf 90' lang='lat' dir='ltr'><strong>erant</strong></span> <span class='ocrx_word' id='word_1_233' title='bbox 494 3522 639 3589; x_wconf 87' lang='lat' dir='ltr'><strong>uersibus</strong></span> <span class='ocrx_word' id='word_1_234' title='bbox 663 3527 722 3588; x_wconf 82' lang='grc'><strong>297</strong></span> <span class='ocrx_word' id='word_1_235' title='bbox 737 3542 802 3606; x_wconf 89' lang='lat' dir='ltr'><strong>sq.,</strong></span> <span class='ocrx_word' id='word_1_236' title='bbox 832 3541 895 3605; x_wconf 91' lang='lat' dir='ltr'><strong>quo</strong></span> <span class='ocrx_word' id='word_1_237' title='bbox 922 3522 1048 3591; x_wconf 85' lang='lat' dir='ltr'><strong>accedit</strong></span> <span class='ocrx_word' id='word_1_238' title='bbox 1076 3524 1162 3606; x_wconf 91' lang='lat' dir='ltr'><strong>quod</strong></span> <span class='ocrx_word' id='word_1_239' title='bbox 1189 3526 1248 3593; x_wconf 92' lang='lat' dir='ltr'><strong>illa</strong></span> <span class='ocrx_word' id='word_1_240' title='bbox 1268 3546 1306 3589; x_wconf 89' lang='lat' dir='ltr'><strong>co</strong></span> 
     </span>
     <span class='ocr_line' id='line_1_32' title="bbox 155 3620 1306 3710; baseline 0.007 -26"><span class='ocrx_word' id='word_1_241' title='bbox 155 3624 309 3685; x_wconf 79' lang='lat' dir='ltr'><strong>animatus</strong></span> <span class='ocrx_word' id='word_1_242' title='bbox 320 3621 382 3703; x_wconf 83' lang='lat' dir='ltr'><strong>sci</strong></span> <span class='ocrx_word' id='word_1_243' title='bbox 391 3620 415 3706; x_wconf 83' lang='grc'><strong>1)</strong></span> <span class='ocrx_word' id='word_1_244' title='bbox 436 3622 637 3691; x_wconf 90' lang='lat' dir='ltr'><strong>incommode</strong></span> <span class='ocrx_word' id='word_1_245' title='bbox 658 3625 866 3710; x_wconf 87' lang='lat' dir='ltr'><strong>seiunguntur</strong></span> <span class='ocrx_word' id='word_1_246' title='bbox 888 3645 909 3691; x_wconf 89' lang='lat' dir='ltr'><strong>a</strong></span> <span class='ocrx_word' id='word_1_247' title='bbox 930 3645 960 3692; x_wconf 90' lang='lat' dir='ltr'><strong>u.</strong></span> <span class='ocrx_word' id='word_1_248' title='bbox 981 3629 1042 3690; x_wconf 90' lang='lat'><strong>300</strong></span> <span class='ocrx_word' id='word_1_249' title='bbox 1073 3628 1213 3709; x_wconf 79' lang='lat' dir='ltr'><strong>capimus</strong></span> <span class='ocrx_word' id='word_1_250' title='bbox 1235 3648 1306 3692; x_wconf 84' lang='lat' dir='ltr'><strong>eon·</strong></span> 
     </span>
    </p>
   </div>
   <div class='ocr_carea' id='block_1_7' title="bbox 153 3872 1308 4116">
    <p class='ocr_par' dir='ltr' id='par_1_9' title="bbox 153 3872 1308 4116">
     <span class='ocr_line' id='line_1_33' title="bbox 241 3872 1307 3944; baseline 0.007 -17"><span class='ocrx_word' id='word_1_251' title='bbox 241 3878 264 3938; x_wconf 81' lang='lat'><strong>1)</strong></span> <span class='ocrx_word' id='word_1_252' title='bbox 283 3872 328 3927; x_wconf 82' lang='lat' dir='ltr'><strong>Sic</strong></span> <span class='ocrx_word' id='word_1_253' title='bbox 345 3872 416 3927; x_wconf 92' lang='lat' dir='ltr'><strong>euim</strong></span> <span class='ocrx_word' id='word_1_254' title='bbox 433 3888 542 3929; x_wconf 89' lang='lat' dir='ltr'><strong>uersum</strong></span> <span class='ocrx_word' id='word_1_255' title='bbox 560 3879 609 3930; x_wconf 83' lang='grc'><strong>298</strong></span> <span class='ocrx_word' id='word_1_256' title='bbox 626 3879 654 3930; x_wconf 88' lang='lat' dir='ltr'><strong>et</strong></span> <span class='ocrx_word' id='word_1_257' title='bbox 671 3876 761 3944; x_wconf 86' lang='lat' dir='ltr'><strong>aptius</strong></span> <span class='ocrx_word' id='word_1_258' title='bbox 780 3875 863 3930; x_wconf 90' lang='lat' dir='ltr'><strong>scribi</strong></span> <span class='ocrx_word' id='word_1_259' title='bbox 881 3873 951 3930; x_wconf 90' lang='lat' dir='ltr'><strong>duco</strong></span> <span class='ocrx_word' id='word_1_260' title='bbox 969 3875 1117 3943; x_wconf 80' lang='lat' dir='ltr'><strong>(animatas</strong></span> <span class='ocrx_word' id='word_1_261' title='bbox 1128 3891 1185 3931; x_wconf 88' lang='lat' dir='ltr'><strong>nou</strong></span> <span class='ocrx_word' id='word_1_262' title='bbox 1198 3880 1307 3933; x_wconf 86' lang='lat' dir='ltr'><strong>tanturn</strong></span> 
     </span>
     <span class='ocr_line' id='line_1_34' title="bbox 153 3956 1308 4028; baseline 0.008 -18"><span class='ocrx_word' id='word_1_263' title='bbox 153 3972 216 4011; x_wconf 90' lang='lat' dir='ltr'><strong>cnm</strong></span> <span class='ocrx_word' id='word_1_264' title='bbox 236 3956 388 4021; x_wconf 88' lang='lat' dir='ltr'><strong>aduerbiis‚</strong></span> <span class='ocrx_word' id='word_1_265' title='bbox 412 3957 488 4012; x_wconf 91' lang='lat' dir='ltr'><strong>uelut</strong></span> <span class='ocrx_word' id='word_1_266' title='bbox 506 3958 596 4028; x_wconf 81' lang='lat' dir='ltr'><strong>probe</strong></span> <span class='ocrx_word' id='word_1_267' title='bbox 617 3959 717 4014; x_wconf 90' lang='lat' dir='ltr'><strong>Bacch.</strong></span> <span class='ocrx_word' id='word_1_268' title='bbox 740 3964 805 4026; x_wconf 83' lang='grc'>942,</span> <span class='ocrx_word' id='word_1_269' title='bbox 830 3959 1019 4027; x_wconf 89' lang='lat' dir='ltr'><strong>coniunctum,</strong></span> <span class='ocrx_word' id='word_1_270' title='bbox 1044 3959 1194 4015; x_wconf 84' lang='lat' dir='ltr'><strong>sedetiam</strong></span> <span class='ocrx_word' id='word_1_271' title='bbox 1217 3962 1308 4021; x_wconf 89' lang='lat' dir='ltr'><strong>solum</strong></span> 
     </span>
     <span class='ocr_line' id='line_1_35' title="bbox 153 4040 1307 4116; baseline 0.009 -22"><span class='ocrx_word' id='word_1_272' title='bbox 153 4054 270 4108; x_wconf 76' lang='lat' dir='ltr'><strong>aequme</strong></span> <span class='ocrx_word' id='word_1_273' title='bbox 286 4040 424 4096; x_wconf 87' lang='lat' dir='ltr'><strong>notionem</strong></span> <span class='ocrx_word' id='word_1_274' title='bbox 442 4042 557 4111; x_wconf 81' lang='lat' dir='ltr'><strong>fortiter</strong></span> <span class='ocrx_word' id='word_1_275' title='bbox 568 4044 705 4099; x_wconf 80' lang='lat' dir='ltr'><strong>animatas</strong></span> <span class='ocrx_word' id='word_1_276' title='bbox 722 4043 846 4113; x_wconf 88' lang='lat' dir='ltr'><strong>exempla</strong></span> <span class='ocrx_word' id='word_1_277' title='bbox 858 4044 1036 4113; x_wconf 89' lang='lat' dir='ltr'><strong>comprobant</strong></span> <span class='ocrx_word' id='word_1_278' title='bbox 1047 4043 1149 4099; x_wconf 88' lang='lat' dir='ltr'><strong>Accius</strong></span> <span class='ocrx_word' id='word_1_279' title='bbox 1167 4050 1228 4101; x_wconf 72' lang='lat'><strong>42¹1.</strong></span> <span class='ocrx_word' id='word_1_280' title='bbox 1248 4052 1307 4116; x_wconf 79' lang='lat'>308,</span> 
     </span>
    </p>
   </div>
   <div class='ocr_carea' id='block_1_8' title="bbox 0 0 1474 5144">
    <p class='ocr_par' dir='ltr' id='par_1_10' title="bbox 0 0 1474 5144">
     <span class='ocr_line' id='line_1_36' title="bbox 0 0 1474 5144; baseline 0 0"><span class='ocrx_word' id='word_1_281' title='bbox 0 0 1474 5144; x_wconf 95' lang='lat' dir='ltr'><strong> </strong></span> 
     </span>
    </p>
   </div>
  </div>
 </body>
</html>
