2940 5144
418 765 460 819 De
477 751 644 819 Bacchidnm
662 764 805 819 Plautinae
824 766 1016 822 retractatione
1034 767 1171 823 scaenica·
1314 766 1375 828 179

302 937 409 1018 Atque
424 937 470 1003 uti
492 936 661 1004 uniuersus
683 937 735 1004 hic
757 937 854 1020 locus,
878 937 910 1002 in
933 956 995 1019 quo
1015 957 1146 1021 operam
1169 939 1373 1022 studiumque

217 1038 479 1122 consumpsimus,
502 1044 611 1105 natum
635 1058 675 1102 ex
697 1038 770 1122 ipsa
791 1039 839 1104 rei
860 1038 968 1104 indole
990 1038 1024 1104 id
1039 1039 1139 1105 habet
1154 1038 1372 1125 dubitationis,

215 1147 260 1223 ut,
285 1140 340 1224 qui
362 1140 512 1223 religiose
535 1147 683 1207 exerceat
704 1146 806 1206 artem
827 1139 978 1223 criticam,
1002 1140 1032 1206 ei
1047 1141 1212 1224 perpensis
1228 1144 1269 1209 ab
1285 1145 1372 1211 omni

216 1247 309 1326 parte
331 1241 567 1325 probabilitatis
589 1242 729 1307 numeris
752 1242 903 1323 ambigua
924 1248 1032 1308 tamen
1053 1261 1117 1307 non
1139 1251 1243 1325 panca
1257 1243 1290 1308 in
1307 1265 1372 1310 me·

216 1343 271 1407 dio
294 1343 502 1425 relinquenda
525 1342 602 1409 sint:
625 1343 671 1407 ita
692 1342 780 1408 haud
801 1343 992 1424 mirandum,
1014 1343 1043 1406 si
1066 1362 1148 1423 quae
1171 1346 1244 1408 sunt
1266 1363 1372 1409 exem-

214 1446 271 1528 pla
292 1465 370 1529 prae
392 1445 506 1510 ceteris
528 1445 575 1510 ita
597 1449 796 1528 comparata,
827 1451 862 1510 ut
883 1445 926 1509 ad
949 1451 1069 1510 certum
1094 1442 1255 1525 quendam
1277 1443 1372 1511 finem

217 1545 317 1611 firmis
339 1544 535 1630 argumentis
559 1546 703 1629 quaestio
725 1544 857 1630 perduci
878 1550 1026 1626 nequeat.

303 1649 416 1728 ltaque
439 1668 511 1713 oum
534 1652 713 1714 metuentes
735 1668 776 1713 ne
797 1647 989 1713 incertorum
1011 1645 1209 1712 admixtione
1230 1647 1270 1713 iis
1293 1667 1369 1728 quo·

217 1769 279 1830 que
300 1748 398 1814 fidem
420 1750 665 1837 abrogaremus‚
689 1767 787 1830 quae,
810 1748 838 1813 si
860 1748 963 1813 minus
986 1744 1256 1814 demonstratione
1278 1749 1369 1816 abso

215 1852 294 1931 luta,
317 1856 351 1915 at
373 1855 459 1915 certe
481 1851 605 1916 ratione
634 1850 836 1931 aliquatenus
863 1849 1008 1915 stabilita
1029 1849 1225 1916 uiderentur:
1247 1856 1314 1916 tum
1336 1851 1371 1917 id

214 1949 324 2032 ueriti,
355 1970 396 2015 ne
417 1951 638 2017 immodestius
666 1957 822 2017 cresceret
850 1951 944 2017 huius
967 1951 1198 2018 dissertationis
1221 1953 1370 2035 ambitus,

216 2070 299 2130 quae
326 2050 450 2132 reliqua
479 2057 587 2117 essent
615 2072 698 2118 nunc
727 2051 866 2133 quidem.
886 2053 919 2118 in
946 2052 1075 2119 schedis
1103 2053 1276 2119 retinentes
1304 2053 1369 2118 iam

215 2149 313 2215 finem
334 2152 440 2218 facere
463 2151 650 2236 disputandi
672 2147 773 2219 satius
797 2153 955 2218 duximus.

622 2655 952 2732 EXOURSUSI.
991 2654 1001 2669 ’

696 2805 731 2860 ad
744 2809 776 2872 ἕξ
790 2811 831 2861 24.
842 2811 884 2860 ἳ5.

214 2961 306 3009 Bacch.
316 2975 341 3009 u.
352 2962 478 3024 953sqq.:
497 2960 546 3011 Ilio
564 2960 632 3009 tria
649 2960 725 3010 fuisse
744 2961 932 3024 addidisem,
951 2975 1015 3022 qnae
1033 2960 1110 3009 exitio
1129 2959 1225 3010 forent:

497 3045 605 3108 Signum
623 3061 653 3094 cx
670 3060 727 3094 aree
745 3045 767 3094 si
785 3046 902 3110 perisset:
922 3045 1029 3094 alterum
1047 3047 1154 3094 autemst
1171 3047 1253 3097 Troili
1270 3065 1350 3100 mors:

493 3130 615 3192 Tertium,
635 3145 710 3192 quom
727 3130 813 3194 portae
826 3130 953 3194 Phrygiae
972 3129 1049 3178 limen
1067 3131 1185 3194 superum
1203 3133 1367 3184 scinderetur.
1389 3136 1392 3140 ’

712 3266 874 3274 ———

301 3363 513 3444 cogitandum
529 3371 577 3431 est
600 3362 641 3429 de
652 3363 692 3429 iis
704 3364 788 3447 fatis,
813 3365 1054 3445 quaeHeleni
1077 3368 1228 3437 indicio
1252 3369 1368 3438 Graeci

213 3473 449 3547 compererant:
487 3465 522 3529 id
550 3464 637 3546 quod
672 3464 811 3549 probant
839 3467 1017 3535 Cononis
1047 3469 1184 3534 Narrat.
1218 3471 1374 3535 XXXIV

213 3562 452 3649 (Mythograph.
475 3587 521 3649 gr.
539 3565 588 3633 ed.
604 3569 838 3634 Westermann.
859 3590 891 3653 p.
913 3569 985 3652 138)
1008 3570 1103 3638 haec:
1129 3568 1194 3650 Ὦς
1209 3571 1294 3657 μετὰ
1315 3598 1367 3640 τε·-

212 3663 329 3752 bovario
354 3661 571 3754 Ἀλεξάνδρου
599 3670 659 3732 τοῦ
696 3666 879 3752 Πάριδος.
904 3721 912 3734 .
1001 3721 1008 3736 .
1032 3723 1040 3736 .
1063 3670 1147 3738 κατὰ
1178 3672 1367 3759 συμβουλάς

211 3765 405 3846 Κάλχαντος
422 3766 454 3832 οἱ
469 3770 725 3857 πολιορκοῦντες
744 3775 868 3854 Τροίαν
883 3763 1039 3859 Ἕλληνες
1061 3773 1146 3860 λόχῳ
1164 3769 1365 3843 τδνἝλενον

214 3866 499 3950 συλλαμβάνουσι·
526 3873 588 3936 καὶ
605 3921 742 3937 .....
775 3866 1008 3940 ἀποκαλύπτει
1031 3868 1144 3953 αὐτοῖς
1158 3869 1303 3960 Ἕλενος,
1320 3875 1366 3956 ὡς

213 3964 332 4052 ξυλίνῳ
355 3967 454 4054 ἵππῳ
477 3976 699 4059 πεπρωμένον
722 3971 812 4039 ἐστὶν
827 3969 929 4041 Ἴλιον
949 3971 1090 4058 ἁλῶναι,
1113 3981 1169 4044 καὶ
1191 3977 1227 4045 τὸ
1253 3980 1377 4046 τελευ-Δ

215 4081 320 4149 ταῖον,
345 4067 482 4136 ἐπειδάν
500 4064 621 4159 ’λχαιοὶ
632 4072 762 4156 λάβωσι
780 4072 817 4139 τὸ
832 4075 986 4153 διοπετὲς
996 4070 1145 4166 Ἀθηνᾶς
1166 4081 1365 4164 παλλάδιον,

211 4171 348 4235 πολλῶν
367 4164 472 4238 ὄντων
490 4171 527 4238 τὸ
553 4172 783 4261 σμικρότατον.
820 4179 1014 4245 στέλλονται
1036 4166 1093 4246 οὖν
1116 4177 1175 4246 ἐπὶ
1195 4185 1236 4267 τῇ
1256 4184 1366 4269 κλοπῇ
1462 4248 1465 4252 ,

210 4274 271 4334 τοῦ
299 4272 496 4338 Παλλαδίου
527 4274 700 4363 Διομήδης
728 4279 783 4342 καὶ
808 4270 986 4356 Ὀδυσσεύς
1008 4331 1145 4348 .....
1189 4283 1284 4351 Adde
1306 4283 1364 4352 So·

211 4370 317 4450 phocl.
347 4374 482 4448 Philoct.
508 4398 538 4443 u.
562 4380 740 4445 soa-614.
767 4382 975 4446 1337-1342
1004 4389 1037 4449 et
1065 4383 1103 4450 ci.
1126 4385 1303 4451 Prellerum
1331 4386 1364 4452 in

211 4469 387 4555 Mptbolop.
410 4497 459 4557 pr.
482 4499 514 4561 p.
538 4482 599 4544 443
623 4478 686 4547 uol.
708 4480 750 4566 Π.
790 4481 875 4548 Nam
897 4502 1056 4565 quaenam
1083 4484 1202 4551 inerint
1230 4492 1263 4553 ct
1285 4493 1364 4570 quot

541 4626 546 4637 .
913 4593 915 4597 ’
1111 4586 1158 4637 ra*
