2940 5144
156 325 217 387 170
556 323 732 379 Gualtharius
750 322 922 379 Brachmann

153 499 212 568 sed
234 496 422 565 concitatior
441 494 572 576 quidam
594 493 678 563 inest
698 500 804 562 motus
826 504 859 563 et
880 493 1001 579 dialogi
1016 500 1048 562 et
1066 495 1210 580 actionis,
1233 517 1306 563 con-

153 602 262 670 tulerit
283 604 392 685 gestus
413 597 565 677 uocisque
586 596 759 665 artificiosa
779 597 929 692 uarietas.
971 598 1063 677 Quae
1085 598 1190 682 qualis
1212 600 1306 665 fuerit

154 723 213 772 nos
242 701 370 787 quidem
398 697 554 782 suspicari
581 703 703 765 tantum
729 717 898 784 possumus
911 698 945 781 ¹).
989 700 1098 765 Veluti
1127 701 1245 768 furstra
1265 700 1306 767 sit

155 806 210 887 qui
232 802 375 873 offendat
395 802 429 869 in
450 819 600 868 uersuum
621 801 662 866 X.
685 800 771 867 XVI.
792 801 856 866 XX
876 801 1091 885 aequalitate,
1114 821 1210 885 quam
1233 823 1303 869 con-

154 907 238 975 sulto
260 925 319 971 neo
340 905 410 970 sine
437 907 507 970 arte
528 900 709 969 adfectasse
737 900 863 969 uidetur
891 909 997 987 poeta.
1041 902 1164 981 Quodsi
1191 902 1305 970 iterum

152 1009 333 1089 iterumque
354 1003 435 1071 illud
457 1005 471 1066 i
490 1002 549 1066 duc
571 1024 687 1066 mecum
709 1005 803 1087 intro,
832 1003 865 1068 ln
894 1024 957 1085 quo
986 1023 1110 1070 summa
1130 1005 1236 1090 posita
1258 1011 1307 1072 est

154 1111 253 1177 totius
274 1125 426 1189 scaenae,
449 1104 564 1171 iisdem
590 1107 657 1172 fere
679 1104 787 1172 uerbis
816 1104 936 1170 elatum
957 1125 1030 1172 cum
1051 1106 1143 1173 suani
1164 1107 1307 1189 quadam

155 1210 245 1280 uocis
273 1216 447 1294 gestusque
475 1207 652 1274 undatione
680 1226 721 1273 ex
751 1207 903 1288 cuiusque
931 1207 995 1274 loci
1023 1206 1207 1276 condicione
1229 1215 1307 1292 apta

130 1369 131 1372 ,
155 1313 359 1397 recitabatur,
382 1312 415 1378 in
430 1310 492 1378 hac
509 1310 581 1395 ipsa
602 1329 636 1375 re
658 1308 712 1374 uel
734 1328 859 1374 summa
880 1308 998 1375 actoris
1020 1327 1073 1375 ars
1088 1309 1229 1394 conspici
1250 1332 1307 1395 po·

156 1420 248 1481 terat.
293 1411 398 1478 Simili
431 1411 472 1480 de
501 1430 599 1478 causa
625 1410 682 1477 ille
710 1410 817 1495 locus,
848 1430 943 1491 quem
972 1411 1067 1478 modo
1090 1412 1307 1496 tractauimus,

156 1534 333 1597 uersusque
355 1514 410 1596 qui
432 1513 590 1596 utrimque
605 1511 744 1596 proximi
758 1518 832 1577 sunt
847 1510 1018 1596 (v-xss)‚
1041 1511 1102 1579 etsi
1118 1519 1183 1578 tam
1197 1513 1307 1581 multis

155 1617 264 1683 uerbis
284 1637 348 1682 non
370 1635 451 1701 opus
473 1621 551 1698 erat,
573 1612 722 1680 tardioris
739 1620 846 1680 tamen
866 1612 1023 1679 ubertatis
1036 1614 1116 1680 uitio
1139 1635 1247 1683 carere
1261 1616 1307 1681 ui-

157 1717 285 1784 dentur:
308 1717 565 1784 cumulantur
587 1714 672 1781 enim
687 1735 759 1781 oum
781 1714 1023 1798 gradatione
1039 1716 1178 1797 quadam
1193 1723 1228 1784 ut
1243 1737 1308 1784 me·

157 1819 305 1887 retricum
323 1839 434 1905 preces
456 1839 494 1885 ac
516 1815 704 1902 blanditiae,
727 1816 773 1883 ita
795 1815 966 1883 abnuentis
988 1818 1072 1884 senis
1092 1816 1197 1884 minae
1218 1818 1309 1884 fasti-

157 1920 305 2003 diosique
327 1921 484 1988 horrores.
602 1935 604 1939 ’

243 2021 309 2088 Sed
330 2041 442 2089 uereor
463 2024 499 2086 ut
521 2039 654 2087 omnes
677 2018 885 2104 offensiones,
916 2041 999 2103 quae
1025 2019 1108 2087 inter
1136 2019 1337 2104 legendum‘

155 2124 369 2207 suboriuntur,
392 2124 434 2189 ab
457 2120 505 2186 his
520 2120 695 2187 rationibus
717 2121 795 2187 satis
817 2127 926 2206 aptam
941 2122 1106 2190 inueniant
1121 2121 1309 2205 explicatio·

156 2245 239 2294 nem.
284 2225 381 2292 Uelnt
396 2222 564 2289 haeremus
578 2222 612 2287 in
626 2242 656 2287 u.
671 2222 859 2289 XXXVIII:
881 2245 946 2290 non
967 2224 1044 2307 quin
1060 2222 1194 2304 cogitari
1207 2223 1311 2307 possit

158 2346 278 2411 senem,
294 2325 349 2393 ubi
365 2324 520 2392 obsistere
535 2322 704 2390 inlecebrIs
719 2320 850 2391 desierit
865 2323 1031 2408 uictusque
1045 2323 1111 2392 iam
1126 2343 1238 2390 manus
1254 2324 1309 2390 de-

158 2427 250 2509 derit,
273 2427 383 2493 statim
404 2432 511 2492 tamen
538 2423 633 2490 huius
655 2424 702 2492 rei
722 2426 886 2508 paenitere
913 2432 1011 2507 atque
1040 2425 1144 2503 denuo
1166 2444 1309 2510 pungere

158 2529 304 2595 subnatis
333 2524 604 2602 haesitationibus,
621 2527 767 2592 aculeos:
796 2533 830 2593 at
851 2527 1082 2612 ineptissimum
1105 2547 1175 2595 esse
1198 2548 1311 2596 concc-

157 2629 227 2714 des,
244 2649 339 2710 quam
362 2627 457 2695 modo
479 2626 633 2694 abiecerit
654 2627 724 2712 ipse
746 2648 815 2694 rem
838 2626 882 2712 (u.
897 2627 1061 2713 XXXVI),
1084 2631 1216 2698 totidem
1238 2651 1310 2698 ucr-

158 2731 209 2799 bis
238 2731 373 2800 eandem
402 2750 465 2797 uno
495 2728 652 2798 uersiculc
678 2729 858 2797 intermIsso
887 2730 1002 2798 iterum
1028 2751 1191 2798 renouare.
1238 2730 1310 2809 Quo

157 2833 299 2916 accedit,
335 2832 420 2915 quod
450 2831 552 2900 altera
579 2851 706 2914 quoque
735 2832 828 2898 huius
860 2851 970 2899 uersus
1000 2854 1074 2918 pars
1100 2831 1221 2900 inutilis
1251 2841 1310 2916 est,

246 3056 270 3116 1)
288 3051 375 3118 Quam
393 3048 500 3119 quidem
516 3064 573 3104 rem
596 3050 625 3102 iu
649 3049 764 3104 candeio
786 3049 971 3119 potissimum,
997 3065 1066 3120 quae
1088 3049 1199 3104 mututIs
1223 3049 1311 3105 modis

159 3135 308 3205 composita
327 3135 395 3200 sint,
420 3133 617 3189 obseruandum
634 3149 693 3188 esse
711 3148 728 3187 a
746 3134 860 3189 Goetzio
878 3134 1082 3203 Ribbeekioque
1099 3134 1217 3189 monitus
1235 3149 1310 3188 sum:

158 3234 229 3290 quae
249 3218 410 3274 credendum
428 3235 488 3274 esse
505 3220 732 3290 comparationem
750 3218 921 3287 aliquatenus
940 3221 1061 3288 recipere
1080 3218 1209 3273 cumillis
1227 3217 1310 3272 fabu-

48 3357 51 3361 .
158 3307 247 3359 lurum
265 3303 404 3374 partibus,
429 3319 498 3373 quae
515 3304 543 3358 iu
560 3305 661 3359 nostris
683 3302 797 3358 theatris
821 3303 892 3358 inter
915 3305 1025 3358 crebras
1049 3317 1129 3372 saepe
1151 3301 1312 3358 iterationes

159 3389 265 3445 cantari
282 3388 317 3442 ab
336 3388 474 3445 actoribus
494 3389 607 3444 soleant.
642 3388 702 3458 Qua
719 3386 753 3442 de
770 3402 870 3455 causa,
896 3390 928 3442 ut
950 3388 1071 3456 exemplo
1094 3386 1207 3454 fungar,
1230 3385 1259 3440 in
1278 3403 1312 3442 ea

159 3489 268 3540 scaena,
287 3486 356 3541 quae
367 3472 431 3526 huic
443 3473 591 3542 praemissa
603 3477 653 3538 est,
671 3472 777 3540 etiamsi
789 3473 895 3532 subtiIIs
911 3473 1078 3541 singularum
1095 3472 1312 3527 enuntiationum

161 3557 342 3613 consideratio
354 3557 542 3627 rationumque
557 3558 693 3627 reputatio
712 3572 811 3625 earum,
830 3574 900 3626 quae
916 3558 1090 3613 intercedunt
1106 3558 1178 3612 inter
1193 3556 1266 3611 illius
1283 3562 1312 3610 et
1375 3625 1379 3631 .

159 3642 231 3697 inter
249 3641 395 3711 superioris
414 3657 529 3698 scaenae
547 3642 657 3709 exItum,
675 3644 790 3698 suadere
807 3648 898 3712 potest
915 3642 1015 3710 uideri,
1034 3648 1065 3697 ut
1082 3659 1129 3697 uu.
1142 3645 1308 3696 1108-1111

160 3742 288 3784 uersuum
310 3730 475 3782 1112-1115
493 3727 553 3783 loco
571 3743 589 3782 a
606 3732 785 3783 retractatore
803 3727 934 3785 confictos
952 3741 1013 3781 esse
1030 3727 1185 3782 credamus:
1202 3731 1313 3795 poetam

160 3818 252 3868 tamen
270 3810 424 3866 subtiliores
441 3811 541 3880 logices
559 3812 679 3867 rationes
697 3812 864 3882 rhythmicae
882 3811 989 3866 cuidam
1007 3826 1062 3881 qua
1080 3827 1233 3866 sermonum
1252 3811 1313 3866 cola

161 3898 391 3966 distInguercntur
408 3898 579 3966 responsioni
598 3912 757 3967 eorumque,
783 3912 852 3965 quae
870 3897 980 3952 alternis
998 3896 1105 3952 uicibus
1122 3897 1194 3951 inter
1211 3895 1313 3951 slmiles

159 3985 253 4048 gestus
266 3981 370 4049 species
382 3981 523 4035 miserrImi
534 3997 613 4037 senes
625 3983 849 4050 uociferarentur,
867 3983 1025 4051 aequalitati
1036 3982 1224 4051 postposuisse
1236 3984 1312 4050 puto.

160 4065 204 4119 Ad
217 4065 395 4135 spectandum
407 4065 487 4131 eninr,
504 4081 560 4121 non
571 4065 607 4120 ad
621 4066 763 4135 legendum
781 4069 947 4137 compositae
965 4073 1030 4134 sunt
1040 4066 1132 4122 Plauti
1149 4065 1315 4121 comoediae.
