2940 5144
156 311 198 373 96
560 311 737 365 Gnaltharius
755 310 929 366 Brachmann

159 485 235 552 dum
258 503 339 566 esse,
362 490 396 548 ut
418 504 475 568 pro
497 484 600 549 amico
622 482 727 566 potius
750 481 881 548 nimium
904 480 1004 547 facias
1025 478 1203 565 impendii,
1233 500 1321 564 quarn

158 588 227 672 ipse
249 585 410 670 impendio
439 584 483 650 sis
514 584 634 667 amico;
662 582 782 649 luditur
810 602 885 668 ergo
915 584 1084 649 uerborum
1116 584 1320 667 inpetrasset
1381 628 1387 633 -

158 687 357 772 inpendimus
379 686 595 753 similitudine.
1063 678 1071 687 ¹

242 791 356 871 Porro,
388 788 469 854 sicut
499 806 528 850 u.
552 789 613 850 395
644 784 814 851 additicius
844 784 984 867 uidetur,
1015 786 1061 851 ita
1080 785 1317 852 sententiarum

158 891 287 959 aliunde
310 896 531 974 excerptorum
554 907 616 954 nou
640 886 811 953 dissimiles
834 908 885 953 uu.
902 891 962 953 397
983 892 1015 953 et
1029 890 1111 969 402,
1136 888 1317 970 argumenti

157 994 333 1060 rationibus
350 991 401 1057 hic
415 1009 493 1074 prae
517 990 629 1056 ceteris
652 989 860 1073 importunus,
883 988 1029 1054 nimirum
1051 987 1079 1054 si
1101 990 1284 1057 recesseris
1302 1010 1318 1055 a
1389 1002 1391 1011 “

156 1117 188 1162 u.
211 1097 289 1178 399,
320 1094 353 1158 in
377 1113 438 1174 quc
463 1092 511 1157 bis
535 1091 663 1157 effertur
685 1091 827 1175 ineptum
854 1089 934 1155 illud
956 1110 1045 1156 aare.
1090 1088 1154 1169 Qui
1190 1090 1317 1173 quidem

159 1197 236 1278 quin
259 1214 276 1259 e
299 1214 393 1260 uersu
416 1195 486 1260 Cas.
510 1191 785 1269 interluxerit
808 1191 948 1258 dubitari
975 1192 1099 1274 nequit,
1129 1211 1197 1258 nec
1220 1193 1317 1259 maui-

158 1298 272 1364 festam
289 1294 558 1380 propinquitatem
573 1315 635 1361 non
651 1293 945 1360 animaduerterunt
960 1294 1012 1359 uel
1034 1284 1242 1376 antiquiores
1265 1295 1318 1360 cri·

158 1398 230 1465 lici:
260 1397 341 1478 fugit
362 1403 469 1462 tamen
492 1415 602 1462 omues
624 1395 818 1477 aequalitas,
849 1415 912 1477 qua
934 1395 1075 1480 superior
1102 1414 1225 1462 uersus
1248 1417 1320 1465 aon·

158 1500 247 1566 uenit
263 1519 332 1564 curu
349 1498 540 1563 Terentiano
563 1498 701 1578 quodam
725 1498 804 1563 loco.
843 1495 926 1575 Quid
942 1497 1047 1563 enimi
1069 1517 1141 1564 cum
1167 1497 1204 1563 in
1221 1499 1320 1566 Phor-

158 1602 264 1667 mione
285 1621 314 1665 u.
331 1603 391 1663 203
415 1598 496 1665 haec
518 1604 658 1666 exstent:

265 1734 355 1788 Tanto
371 1732 457 1800 magis
475 1735 502 1787 tc
520 1731 667 1800 aduigilare
685 1735 836 1800 aequomst:
856 1730 936 1786 fortis
953 1731 1063 1786 fortuna
1081 1731 1210 1801 tdiuuat,

158 1876 262 1921 nonne
285 1853 438 1919 credibile
461 1859 510 1919 est
532 1852 625 1918 huius
647 1872 758 1918 uersus
779 1853 867 1937 prius
895 1851 1128 1947 hemistichium
1158 1854 1196 1919 in
1224 1875 1320 1923 suum

158 1975 250 2022 usum
265 1956 432 2039 pristinum
447 1956 536 2020 illum
553 1959 791 2021 retractatorem
804 1954 1019 2021 conuertisse?
1031 1954 1053 2037 ¹)
1082 1953 1215 2039 Optima
1232 1965 1320 2024 certe

158 2059 292 2142 cogitari
324 2062 430 2141 potest
458 2057 519 2123 hoe
546 2058 613 2122 fere
642 2056 791 2140 exemplo
822 2057 1002 2121 Plautinum
1031 2059 1211 2123 orationem
1246 2079 1318 2125 eum

157 2158 416 2242 interpolauisse:

159 2290 296 2357 condigne
314 2289 337 2342 is
356 2304 436 2354 quam
454 2288 591 2342 techinam
609 2290 642 2342 de
660 2304 727 2344 auro
746 2291 892 2344 aduersum
909 2306 996 2345 meum
1014 2289 1080 2344 fecit
1097 2294 1213 2358 patrem,
1267 2294 1314 2347 392

154 2354 192 2429 tlt
209 2374 274 2427 mihi
291 2374 392 2426 amanti
411 2373 490 2441 copia
507 2379 586 2427 esset.
615 2370 732 2443 aequom
750 2376 829 2429 uideo
846 2377 876 2429 ia
893 2375 1015 2430 reddere.
1265 2382 1312 2432 393

156 2456 224 2512 Num
241 2458 287 2525 pol
306 2457 431 2523 equidem
449 2455 508 2511 meo
528 2457 616 2512 animo
634 2458 739 2526 ingrato
758 2459 866 2514 homine
884 2460 952 2514 nihil
969 2455 1133 2528 inpensiust:
1264 2467 1312 2518 394

154 2542 243 2597 Nimio
261 2541 448 2610 inpendiosum
466 2547 587 2610 praestat
604 2540 632 2594 te
651 2558 731 2609 quam
748 2543 883 2610 ingratum
901 2544 991 2598 dicier.
1264 2551 1311 2602 ³96

158 2625 244 2680 Teiato
257 2626 346 2695 mepta
359 2631 384 2678 te
398 2625 553 2697 adstipulare
570 2634 717 2699 aequomst.
746 2628 794 2683 sed
814 2643 892 2683 eccos
911 2628 989 2684 uideo
1007 2629 1131 2684 incedere
1173 2632 1310 2687 39824030

155 2711 263 2765 Patrem
282 2708 382 2763 sodalis
401 2707 429 2762 et
446 2712 609 2779 magistrum.
637 2713 699 2767 hinc
718 2713 876 2768 auscultabo
896 2711 975 2781 quam
993 2729 1049 2768 rem
1067 2719 1156 2781 agant.
1260 2721 1310 2771 404

223 2820 478 2934 Adnilliirtldhinam
491 2889 620 2932 Hilsclrcttas
634 2893 710 2942 llprtsr.
721 2889 740 2931 ll
749 2902 772 2943 p.
781 2890 821 2931 476
830 2903 860 2943 sq.
881 2890 983 2932 technam
996 2890 1066 2938 editt..
1084 2890 1130 2933 Usu·
1146 2883 1151 2951 Ι
1167 2888 1227 2939 399.
1249 2892 1310 2948 cqui-

223 2956 272 2997 dam
285 2966 335 2997 meo
353 2955 406 3005 Bru,
425 2956 452 3009 cf.
464 2958 538 3011 Amph.
551 2959 600 3009 282,
618 2958 666 2999 Aut
675 2957 724 3009 na,
734 2958 771 3006 38,
789 2957 854 3000 More.
863 2959 911 3006 993,
930 2956 1099 3008 seruauere,
1117 2959 1175 3001 enat.
1188 2959 1309 3010 curem,
1330 2988 1336 2995 ι

222 3029 369 3076 specularer
389 3024 413 3066 0.
427 3025 563 3069 statuellam
580 3025 649 3080 ngh.
664 3027 692 3068 ad
705 3027 773 3068 doctr.
782 3026 886 3078 perticat.
898 3026 936 3067 lul.
948 3038 969 3078 p.
978 3026 1008 3068 39
1017 3037 1059 3080 sqq.
1078 3024 1166 3080 quidem
1179 3038 1232 3072 mee
1251 3029 1310 3079 libri,

155 3201 286 3255 creditum
299 3205 352 3268 est3
371 3202 491 3270 inquam
509 3219 565 3258 rem
583 3206 739 3258 accuratius
755 3204 891 3273 inquirere
909 3220 964 3258 non
982 3209 1023 3258 est
1039 3203 1119 3258 huius
1136 3203 1204 3259 loci:
1225 3221 1268 3263 ex.
1286 3222 1309 3261 c.

154 3286 251 3341 mirum
269 3287 297 3340 ni
315 3303 359 3341 uu.
380 3292 525 3341 Sul-sul
543 3288 664 3355 praefixo
686 3289 804 3344 fortasse
823 3293 870 3343 798
895 3288 1078 3357 dittographia
1102 3289 1155 3342 sint
1178 3305 1311 3346 amsuum

155 3371 358 3425 791-500Fl.:
377 3371 424 3426 sed
442 3375 547 3425 restant
563 3373 641 3441 longe
658 3374 825 3442 grauissima.

242 3462 265 3521 l)
283 3456 361 3510 Sicut
378 3471 394 3508 a
412 3454 481 3508 locis
498 3457 634 3523 parallelis
652 3463 764 3528 propter
781 3458 867 3514 simile
889 3458 948 3512 siue
972 3457 1165 3512 sententiarum
1189 3459 1253 3517 siue
1268 3462 1309 3517 lo-·

155 3539 255 3607 queudi
265 3555 350 3606 genus
362 3540 391 3591 in
402 3539 522 3606 margine
535 3541 650 3608 appictis
668 3543 859 3611 glossematum
877 3547 958 3611 atque
975 3542 1215 3611 interpolationem
1232 3545 1311 3601 frau-

155 3622 214 3676 dem
228 3622 302 3677 haud
313 3637 375 3676 raro
389 3622 535 3690 primordia
549 3626 657 3680 duxisse
671 3626 813 3682 Ritschelii
829 3626 951 3696 inprimis
970 3627 1092 3681 acumine
1110 3629 1249 3697 cognitum
1267 3633 1312 3686 est

155 3711 192 3772 (u.
203 3706 302 3776 Opusc.
312 3706 339 3760 ΙΙ
354 3722 381 3774 p.
392 3710 534 3775 974-91),
556 3708 596 3763 ita
613 3726 647 3765 ne
664 3712 835 3766 retractaturi
859 3711 964 3780 quidem
983 3712 1137 3780 religionem
1154 3712 1243 3771 fuisse
1260 3718 1312 3771 aut

155 3806 189 3844 ex
206 3790 299 3844 eadem
318 3790 411 3845 fabula
428 3797 476 3846 aut
493 3808 527 3847 ex
544 3793 657 3848 aliarum
676 3796 760 3863 copulis
783 3811 852 3864 quae
875 3796 930 3850 suis
954 3797 1116 3852 admisceret
1139 3797 1310 3867 depromere,

155 3875 278 3944 exemplo
295 3889 392 3930 uersus
410 3881 459 3931 549
478 3878 608 3933 uidimus:
628 3879 857 3936 demonstrabitur
874 3881 1004 3936 sescentis
1022 3881 1089 3936 aliis.
1125 3881 1157 3935 In
1175 3882 1311 3954 dittogra-

154 3959 225 4028 phiis
243 3959 313 4014 enim
330 3976 383 4017 usu
401 3962 497 4018 doctus
514 3963 699 4032 unusquisque
720 3964 773 4019 scit
790 3966 936 4020 earundem
960 3982 1058 4023 uocum
1081 3981 1114 4020 ac
1136 3966 1312 4025 locutionum

153 4042 320 4113 frequentem
337 4045 509 4103 iterationem
527 4047 683 4117 saepissime
701 4051 901 4106 retractationis
919 4051 1048 4106 indicium
1066 4065 1135 4106 esse.
