2940 5144
643 1364 785 1433 CAPUT
808 1366 831 1431 1.

246 1552 266 1630 ξ
292 1555 317 1616 l.
363 1549 561 1618 Comicorum
584 1552 797 1619 Romanorum
819 1552 945 1618 fabulas
967 1550 1009 1616 ab
1031 1549 1088 1633 iis,
1119 1551 1175 1631 qui
1194 1549 1309 1616 iterum

160 1651 338 1733 iterumque
352 1651 385 1717 in
399 1670 548 1718 scaenam
563 1672 619 1719 eas
633 1654 795 1735 referrent,
818 1671 914 1737 saepe
933 1652 1103 1733 multisque
1126 1648 1229 1716 modis
1251 1649 1307 1714 im·

161 1760 299 1820 mutatas
315 1759 566 1836 retractatasque
578 1773 657 1837 esse,
672 1753 707 1818 id
723 1753 808 1836 quod
821 1753 952 1820 Graecis
970 1751 1143 1834 tragoediis
1153 1751 1309 1819 accidisse

160 1854 275 1938 probat
289 1854 421 1920 illustris
436 1855 493 1920 illa
508 1856 645 1939 Lycurgi
660 1855 794 1921 oratoris
809 1855 862 1921 lex
872 1853 897 1938 ¹)
920 1853 961 1921 de
980 1853 1106 1938 publico
1130 1852 1308 1919 fabularum

160 1954 323 2038 Aeschyli,
343 1953 520 2040 Sophoclis,
540 1954 701 2039 Euripidis
716 1955 903 2039 exemplari,
925 1974 1023 2038 aquo
1039 1953 1188 2021 recedere
1204 1952 1308 2019 histri·

104 2074 107 2079 ·
160 2055 274 2121 onibus
296 2075 358 2120 non
381 2055 504 2123 liceret:
535 2075 638 2137 neque
659 2076 716 2140 per
742 2075 777 2121 se
805 2055 1031 2140 probabilitate
1059 2060 1146 2121 caret
1173 2074 1231 2120 nec
1254 2053 1308 2120 de·

159 2161 232 2220 sunt
247 2163 390 2222 ueterum
405 2156 593 2240 scriptorum
607 2156 679 2239 loci,
702 2176 743 2221 ex
759 2156 874 2237 quibus
890 2156 985 2223 moris
1007 2158 1067 2224 boc
1089 2156 1186 2222 fuisse
1209 2175 1307 2240 appa·

159 2262 237 2322 reat.
272 2257 340 2335 Quo
356 2258 534 2323 innumero
551 2257 648 2323 Gellii
661 2257 751 2323 illum
773 2259 879 2340 (Noct.
895 2261 959 2324 Att.
975 2259 1067 2338 1113,
1085 2257 1137 2339 13)
1160 2276 1201 2321 ex
1218 2257 1308 2323 Var-

159 2357 271 2424 ronis
294 2356 432 2441 quodam
455 2358 536 2425 libro
559 2359 706 2439 quamuis
725 2359 938 2442 indiligenter,
961 2365 997 2426 ut
1011 2358 1145 2441 uidetur,
1168 2358 1307 2443 exscrip-

100 2491 103 2497 ss
159 2464 226 2524 tum
236 2458 261 2543 ²)
284 2478 548 2527 commemorasse
563 2459 642 2524 satis
658 2458 779 2526 habeo:
800 2480 900 2545 acque
915 2471 1016 2524 tomen
1032 2459 1157 2522 datium
1172 2469 1220 2522 ert
1233 2460 1307 2544 quia

157 2560 236 2623 istoc
257 2558 339 2644 (scil.
356 2560 559 2643 comaediae),
583 2580 663 2640 auae
683 2562 822 2646 scalptae
845 2584 863 2624 a
886 2561 1005 2625 Plauto
1027 2581 1087 2623 aaa
1110 2560 1255 2623 uideatur·
1277 2570 1309 2623 ct

156 2663 275 2724 aomr'ai
288 2664 354 2724 elas
374 2661 571 2735 addicantur,
594 2670 734 2724 aeteram
755 2673 919 2745 pactarum
933 2661 1062 2745 sacra'at
1083 2672 1115 2724 ct
1136 2662 1174 2724 ab
1196 2683 1234 2724 co
1255 2683 1307 2725 rc·

157 2772 312 2825 tractatae
334 2773 364 2825 ct
386 2763 547 2846 expolitae
568 2763 630 2824 siat
652 2782 690 2824 ac
707 2773 881 2847 propterea
903 2765 1057 2846 resipiant
1083 2762 1187 2825 sottum
1210 2763 1307 2826 Plau·

156 2866 262 2926 tinum.
308 2863 462 2941 Quamuis
484 2863 569 2928 enim
591 2862 710 2945 exigua
731 2863 812 2931 fides
840 2864 980 2949 opinioni
1002 2864 1051 2929 illi
1073 2884 1093 2929 a
1116 2864 1221 2930 Gellio
1244 2870 1305 2928 tra·

157 2962 244 3030 ditae
260 2963 410 3031 habenda
424 2966 467 3031 sit
477 2963 517 3045 ³):
543 2963 576 3028 id
599 2971 744 3048 apertum
767 2970 815 3030 est
836 2967 923 3031 nullo
945 2971 1040 3047 pacto
1063 2964 1133 3030 fieri
1154 2965 1305 3048 potuisse,

156 3072 190 3129 nt
213 3066 274 3131 hoo
295 3071 515 3149 argumentum
543 3063 585 3128 ad
616 3062 840 3147 explicandam
867 3063 1088 3129 incredibilem
1116 3064 1305 3147 fabularum,

157 3185 240 3246 quae
270 3166 329 3231 sub
351 3166 459 3231 Plauti
489 3164 616 3229 nomine
645 3164 959 3248 circumferebantur,
989 3164 1221 3231 multitudinem
1249 3164 1304 3231 ad-

156 3266 301 3350 ferretur,
324 3265 386 3332 nisi
403 3266 451 3347 iis,
475 3264 528 3347 qui
546 3264 704 3346 Varronis,
728 3263 843 3330 deinde
857 3265 1085 3331 Antoninorum
1109 3264 1305 3350 temporibus

156 3366 271 3433 litteris
294 3366 415 3431 Latinis
438 3383 567 3448 operam
589 3369 758 3447 nauarent,
790 3364 872 3430 adeo
901 3372 988 3431 certa
1016 3366 1103 3432 illius
1132 3372 1305 3433 retractan-

156 3467 268 3533 darum
285 3473 425 3534 ueterum
442 3465 621 3531 fabularum
636 3465 734 3532 moris
752 3465 866 3532 notitia
887 3467 1009 3549 fuisset,
1032 3471 1066 3532 ut
1087 3467 1128 3534 de
1151 3468 1212 3532 hac
1232 3467 1305 3550 ipsa

120 3629 128 3649 „
157 3588 191 3634 re
214 3570 340 3635 omnino
360 3582 426 3634 non
449 3565 656 3634 dubitaretur.
701 3565 794 3633 Adde
818 3568 905 3649 quod
926 3568 1144 3635 Terentius
1170 3569 1204 3632 in
1232 3588 1303 3653 pro·

245 3756 268 3818 l)
286 3751 326 3806 (ll.
345 3749 616 3805 Pseudo-Plutarchi
633 3749 717 3803 uitam
735 3749 761 3801 X
778 3754 879 3805 orator.
898 3768 924 3820 p.
940 3751 1028 3819 841F‚
1048 3750 1179 3806 Galenum
1197 3752 1251 3805 uol.
1264 3750 1305 3804 1x

154 3852 181 3905 p.
197 3840 255 3902 tto,
274 3826 306 3890 et'
319 3835 381 3889 uide
392 3835 566 3888 Welclrerum
583 3835 611 3887 in
629 3833 698 3887 libro
717 3835 749 3889 de
766 3835 884 3900 tragoed.
897 3850 986 3903 graec.
1005 3839 1176 3903 pilot—908
1195 3834 1304 3888 Kornii·

155 3935 207 3988 que
231 3919 448 3974 dissertationem
471 3918 504 3972 de
528 3916 672 3986 exemplari
691 3917 832 3986 Lycurgco
854 3919 965 3974 Bonnae
989 3919 1087 3974 editam
1105 3934 1130 3973 a.
1153 3921 1225 3972 1863.
1261 3917 1304 3971 De

154 4003 310 4058 retractetis
328 4018 389 4057 cum
412 4002 557 4070 tragoediis
582 4008 640 4056 turn
664 4001 808 4056 comoediis
832 4002 935 4070 graecis
960 4021 986 4058 u.
1005 4002 1136 4058 Meinelrii
1153 4002 1223 4056 Hist.
1242 4002 1303 4056 orit.

156 4104 223 4143 com.
241 4104 330 4157 graec.
348 4102 375 4155 p.
389 4090 418 4140 st
431 4103 471 4156 sq.

242 4177 268 4238 2)
286 4172 326 4226 (ll.
345 4170 625 4239 collustrata
644 4170 713 4224 conl.
732 4170 880 4225 Ritschelio
899 4170 1008 4237 Parerg.
1026 4184 1053 4237 p.
1068 4173 1161 4239 lttsq.
1176 4173 1269 4225 susc.
1333 4204 1334 4211 .

220 4317 223 4324 ¹
241 4260 267 4320 3)
284 4257 326 4311 De
343 4261 402 4310 toto
419 4256 479 4310 loco
498 4254 621 4309 Gelliano
640 4270 666 4308 u.
684 4255 860 4309 Ritschelium
873 4254 922 4310 l.s.
933 4271 954 4309 s.
965 4269 990 4322 p.
1003 4257 1100 4323 disqu.
1191 4293 1197 4300 -
