2940 5144
467 384 471 391 ,
561 328 737 384 Gualtharius
756 327 927 384 Brachmann

455 551 698 619 Bacchidum
728 550 931 636 specimen
958 548 1011 614 IV.

567 677 612 717 let.
628 674 655 716 lll
674 687 706 717 sc.
723 677 735 717 o
755 685 776 715 u.
796 675 900 716 tl-tu.

244 792 263 871 ξ
286 793 335 855 20.
370 789 419 854 Ex
435 789 550 871 quibus
567 807 661 853 unum
677 807 773 871 supra
795 786 958 869 attigimus
980 784 1012 865 (ξ
1028 783 1070 869 3),
1094 785 1198 850 locum
1222 784 1318 850 illum

160 892 298 958 maxime
320 891 502 973 notabilem,
527 910 620 973 quem
644 889 707 954 iam
732 888 894 954 Charisius
918 892 1052 954 testatur
1075 907 1094 952 a
1117 885 1318 967 quibusdam

158 994 248 1059 libris
271 994 401 1060 abesse:
426 1012 522 1073 quam
546 989 673 1072 quidem
697 989 928 1073 exemplarium
952 988 1169 1055 Plautinorum
1192 986 1317 1054 discre-

157 1095 301 1180 pantiam
318 1094 394 1159 satis
409 1093 574 1174 antiquam
589 1111 727 1173 aequare
744 1111 824 1175 earn,
849 1112 931 1174 quae
947 1091 1119 1158 etiamnum
1141 1089 1319 1155 intercedit

158 1197 241 1263 inter
270 1195 470 1262 recensiones
500 1215 583 1278 quae
614 1193 761 1260 dicuntur
783 1194 963 1260 Palatinam
994 1197 1026 1257 et
1055 1191 1317 1276 Ambrosianum,

158 1299 318 1364 luculento
335 1296 418 1362 Guil.
432 1295 697 1362 Studemundi
715 1295 894 1362 testimonio
907 1294 928 1377 ¹)
949 1294 1174 1378 comperimus:
1198 1312 1317 1361 uersus

158 1400 229 1465 dico
254 1403 431 1464 ato-551.

244 1499 399 1581 Equidem
415 1518 490 1565 uero
507 1518 648 1565 curcum
661 1496 879 1565 Studemundo
895 1497 1094 1566 retractaturi
1109 1497 1181 1563 illos
1199 1515 1316 1564 uersus

159 1601 312 1683 tribuam,
343 1621 383 1666 ne
406 1622 472 1667 rem
494 1607 656 1684 peractam
685 1605 856 1666 retractare
886 1600 1012 1683 uidear,
1042 1619 1105 1666 non
1135 1618 1315 1682 exponam:

158 1724 254 1769 unum
271 1707 388 1786 tamen,
410 1702 495 1785 quod
509 1702 565 1767 ille
581 1703 696 1783 omisit,
721 1708 863 1767 anostra
878 1722 911 1766 re
927 1722 989 1768 non
1010 1701 1148 1767 alienum
1171 1701 1313 1768 uidetur.

160 1805 360 1889 Conspicitur
381 1805 465 1870 enim
488 1823 564 1869 cura
585 1802 753 1870 imitatoris
775 1804 860 1869 illius
883 1804 1032 1869 Plautina
1056 1802 1210 1868 facilitate
1234 1803 1312 1869 arti-

156 1906 327 1990 ficiosi0r2)
341 1908 374 1973 in
390 1926 437 1989 eo,
455 1905 540 1990 quod
556 1905 746 1987 elegantiam
763 1904 923 1988 quandam
939 1903 1112 1971 adfectauit
1128 1903 1238 1969 uerbis
1254 1925 1314 1989 per

148 2009 387 2094 „oppositionem
403 2007 546 2091 prolatis,
570 2008 657 2073 cuius
673 2006 792 2088 figurae
809 2006 970 2072 cumulata
984 2005 1017 2070 in
1032 2005 1142 2089 paucis
1162 2005 1313 2071 uersibus

157 2111 305 2194 exempla
327 2110 408 2176 haec
427 2108 543 2175 habes:
558 2107 646 2191 fulsi
659 2146 698 2155 -
705 2108 912 2192 fulcimeniis,
936 2107 1097 2170 t'auidcont
1109 2143 1151 2153 -—
1166 2105 1313 2169 inuidea-

156 2223 217 2287 tur,
243 2233 286 2272 ca
311 2212 433 2293 r’apcrrio
456 2211 538 2272 molo
554 2246 594 2254 —
610 2211 723 2271 azolum
745 2212 913 2301 inueniant,
938 2213 1031 2273 cortici
1044 2246 1083 2255 -
1100 2209 1253 2282 intimem,
1277 2230 1314 2271 sc

147 2312 317 2395 fauebunt
330 2348 372 2357 -
385 2309 547 2391 frustrari
560 2311 639 2372 ulios
661 2310 713 2394 (cl.
730 2331 760 2377 u.
777 2316 854 2377 542:
877 2313 983 2395 liapoo
998 2348 1039 2358 -
1055 2308 1175 2394 opero).
1208 2309 1314 2377 *Oete-

155 2434 224 2478 rum
247 2433 305 2498 per
327 2432 362 2478 se
384 2418 449 2479 tam
474 2411 548 2478 boni
570 2419 643 2477 sunt
665 2412 698 2476 hi
720 2414 884 2496 uersiculi,
915 2419 949 2479 ut
971 2434 1033 2478 non
1060 2409 1236 2478 uerendum
1268 2413 1315 2478 sit

155 2535 195 2581 ne
219 2514 289 2596 quis
311 2514 516 2590 grammatico
540 2513 591 2577 uel
614 2512 695 2580 adeo
718 2514 847 2581 librario
871 2500 1044 2581 alieui'eos
1068 2513 1210 2581 tribuat.-

240 2615 376 2697 Tamen,
407 2614 434 2678 si
457 2614 489 2679 in
511 2615 808 2681 sententiarum
831 2636 973 2682 nexum
1001 2616 1098 2700 paulo
1127 2616 1315 2684 accuratius

77 2721 82 2728 ’
154 2716 352 2798 inquirimus,
376 2716 416 2781 de
432 2713 557 2780 duobus
571 2717 716 2783 uersibus
731 2717 869 2802 suspicio
892 2717 1059 2784 suboritur.
1096 2717 1197 2782 Versu
1222 2720 1314 2785 enim

155 2823 216 2884 546
239 2817 546 2885 cum'Mnesilochus
568 2818 787 2903 suppleturus,
819 2820 905 2901 quod
932 2818 1180 2904 praetermiserit
1202 2819 1314 2888 Pisto-

91 2991 95 2999 ,
155 2922 274 3004 clerus,
300 2918 400 2986 addat
422 2919 584 3004 improbos
607 2921 726 2987 amicos
750 2920 986 3002 quodammodo
1009 2938 1129 3004 poenas
1150 2919 1313 3004 perfidiae

154 3022 324 3089 soluendae
339 3023 401 3088 sibi
417 3022 614 3104 contrahere,
637 3023 775 3088 omnium
793 3021 943 3088 uidelicet
959 3021 1067 3088 odium
1083 3027 1179 3102 atque
1202 3021 1312 3090 inimi-

154 3124 277 3190 citiam:
306 3123 404 3204 quid?
428 3143 531 3190 nonne
553 3123 786 3190 incommodum
810 3144 850 3190 ex
871 3124 943 3207 ipsa
965 3122 1086 3189 inuidia
1109 3129 1218 3188 natum
1242 3146 1313 3192 non

153 3224 266 3307 simile,
288 3225 347 3291 sed
361 3225 446 3291 idem
470 3226 537 3290 fere
559 3223 625 3288 iam
640 3224 832 3290 Pistoclerus
855 3230 1158 3291 commemorauerat
1180 3245 1211 3290 u.
1229 3229 1313 3293 544:

312 3356 452 3433 ,Sibimet
471 3370 504 3410 ne
523 3353 681 3420 inuideatun
700 3355 752 3423 ipsi
770 3357 879 3423 ignauia
897 3359 970 3412 recte
989 3358 1115 3411 canent?
1184 3381 1188 3390 ,

153 3479 243 3558 Quae
258 3477 397 3563 suspicio
413 3477 527 3542 mirum
543 3482 696 3556 quantum
719 3484 852 3559 augetur
875 3498 922 3561 eo,
947 3477 1033 3560 quod
1056 3477 1107 3542 hie
1130 3496 1225 3557 quem
1253 3500 1310 3546 ex-

153 3581 325 3664 pressimus
341 3596 451 3644 uersus
467 3575 623 3643 editorum
639 3576 767 3644 demum
783 3579 864 3645 curis
880 3579 1029 3646 debetur:
1053 3600 1110 3646 neo
1126 3577 1210 3645 enim
1235 3601 1309 3648 uer·

153 3700 206 3748 sus
231 3686 287 3762 eet,
312 3678 421 3760 quiin
443 3678 532 3743 libris
555 3685 673 3745 exstat:
1144 3681 1145 3685 ’

392 3811 449 3866 Sibi
466 3826 500 3866 ue
516 3811 678 3879 inuideatur,
697 3812 749 3881 ipsi
766 3812 857 3879 ignaui
876 3817 948 3867 recte
967 3818 1066 3868 canent

155 3919 357 3926 -.-----.

227 3984 248 4047 t)
266 3981 411 4050 Festpruss
425 3999 461 4038 aa
476 3983 519 4037 dic
531 3982 720 4054 Wrtrzburqer
730 3981 1093 4054 Philolopeaocrsammlupp
1105 3983 1171 4035 1868
1183 3975 1209 4050 p.
1222 3988 1258 4038 42
1267 4000 1310 4055 sq.

222 4069 247 4133 2)
266 4064 306 4120 ef.
326 4065 465 4123 Bitschelii
482 4067 677 4136 praefationem
696 4067 808 4122 Mercat.
827 4085 853 4137 p.
871 4067 919 4121 IX.
