2940 5144
360 765 401 818 De
418 763 586 818 Bacchidum
603 763 746 819 Plautinae
773 764 965 818 retractatione
982 764 1116 819 scaenica.
1252 762 1314 823 113

121 991 126 996 .
156 935 275 1020 possit,
302 932 337 999 id
360 931 603 999 detrimento
627 932 754 999 demum
777 936 897 1000 factum
920 953 992 1000 csse
1013 937 1108 1015 longe
1130 935 1312 1016 grauiorum

158 1032 398 1120 dittographiae
420 1034 582 1117 partium?
596 1031 618 1116 ¹)
661 1035 762 1101 Immo
784 1055 824 1101 ne
846 1055 904 1119 per
926 1053 961 1100 se
983 1034 1113 1114 quidem
1142 1037 1312 1117 quicquam

157 1139 260 1204 habet
282 1135 532 1220 probabilitate,
564 1141 670 1201 ternos
693 1135 848 1217 quinosue
870 1136 955 1201 solos
977 1154 1018 1201 ex
1041 1154 1105 1200 una
1126 1154 1243 1203 scaena
1264 1158 1310 1205 re·

157 1242 362 1306 tractatorem
387 1272 425 1280 —
449 1235 511 1302 nisi
533 1236 614 1302 sorte
635 1237 667 1302 in
690 1238 784 1322 locis,
808 1259 848 1304 ex
872 1237 986 1319 quibus
1009 1234 1163 1320 penderet
1184 1239 1312 1320 grauior

128 1363 136 1374 ·
158 1338 339 1423 argumenti
361 1337 550 1422 consiliique
571 1338 749 1406 immutatio
772 1375 814 1386 -
836 1337 1020 1422 sustulisse,
1042 1342 1077 1404 ut
1098 1344 1155 1404 aut
1176 1337 1309 1404 totidem

157 1446 214 1507 aut
237 1446 407 1522 quaternos
430 1458 565 1506 senosue
587 1439 792 1508 substitueret
818 1439 1006 1521 deteriores;
1035 1459 1095 1505 nec
1117 1439 1219 1520 magis
1243 1439 1311 1506 bress

158 1543 298 1608 uiantem
314 1541 510 1626 singulorum
526 1559 673 1606 uersuum
689 1562 762 1608 cum
777 1546 969 1625 aucupatum
985 1560 1056 1608 esse
1072 1541 1310 1626 compendium:

157 1645 257 1710 multo
280 1642 425 1708 fortiores
447 1641 516 1708 fieri
537 1643 648 1708 solitas
672 1662 743 1709 esse
765 1643 997 1711 contractiones
1020 1664 1061 1710 ex
1083 1661 1193 1709 carum
1222 1663 1309 1709 scae-

157 1765 268 1810 narum
292 1744 440 1826 exemplo
463 1743 623 1824 conligere
645 1744 736 1826 licet,
756 1743 818 1810 ubi
845 1746 980 1828 amplior
1010 1746 1173 1826 utriusque
1201 1765 1309 1811 recen-

157 1846 255 1911 sionis
277 1864 351 1929 pars
381 1844 554 1911 etiamnum
584 1850 698 1912 exstat.
743 1845 861 1912 Contra
890 1845 950 1912 hoc
978 1846 1132 1913 credibile
1162 1852 1196 1914 ut
1223 1846 1310 1930 quod

157 1946 296 2011 maxime
319 1946 483 2012 histricum
505 1947 594 2012 illum
618 1950 713 2030 quom
735 1947 882 2031 fingimus
907 1954 1052 2033 poetam,
1083 1949 1138 2015 ubi
1160 1969 1232 2015 cum
1255 1967 1308 2012 ex-

144 2046 308 2131 poliendi,
331 2053 367 2113 ut
381 2047 428 2112 illi
445 2047 572 2129 quidem
585 2048 758 2131 uideretur,
780 2054 848 2114 tum
863 2047 1031 2114 breuiandi
1046 2068 1143 2116 causa
1158 2070 1309 2116 scaenam

157 2150 300 2233 aliquam
321 2168 491 2232 aggressus
514 2157 608 2233 esset,
630 2170 859 2234 saepenumero
881 2170 922 2216 ne
944 2150 1017 2216 illas
1044 2150 1173 2230 quidem
1201 2160 1310 2236 partes

156 2251 293 2316 intactas
319 2250 502 2333 reliquisse,
530 2251 564 2315 in
592 2251 708 2334 quibus
735 2269 839 2331 neque
867 2251 1082 2318 contrahendo
1110 2253 1309 2332 aliquantum

156 2351 268 2437 profici
282 2358 408 2435 poterat
422 2371 526 2434 neque
540 2352 606 2417 alia
620 2350 761 2417 nouandi
778 2352 862 2417 iusta
885 2372 982 2417 causa
1004 2352 1190 2437 apparebat,
1212 2353 1309 2419 immo

157 2471 246 2518 mero
269 2472 353 2518 noua
374 2451 515 2535 fingendi
536 2453 653 2536 gaudio
676 2453 781 2536 abripi
802 2472 874 2519 sese
895 2472 1025 2538 passum
1047 2472 1135 2535 esse,
1162 2459 1196 2519 ut
1217 2455 1309 2538 plura

158 2554 291 2618 luderet.
328 2555 434 2620 Veluti
456 2555 489 2619 in
510 2544 857 2620 festinissima'soaena
878 2555 922 2620 lV
937 2552 982 2637 9¹³,
1006 2574 1102 2636 quam
1124 2555 1207 2620 infra
1230 2561 1308 2620 tem-

158 2655 329 2738 ptabimus,
352 2675 408 2719 cur
425 2655 483 2720 illa
505 2661 693 2722 retractator
715 2654 886 2738 reduxerit,
910 2675 993 2736 quae
1017 2656 1174 2740 epistulae
1197 2657 1309 2723 recita-

158 2757 277 2821 tionem
294 2756 496 2840 praeoedunt,
520 2756 608 2823 nullo
624 2756 719 2823 modo
734 2777 785 2822 me
801 2755 936 2839 adsequi
950 2777 1046 2842 posse
1068 2758 1169 2825 libere
1191 2759 1308 2838 fateor:

157 2879 221 2923 non
242 2858 319 2923 item
342 2859 374 2923 in
396 2858 468 2942 ipsa
490 2858 629 2943 epistula
651 2859 752 2941 iisque
776 2877 858 2940 quae
884 2866 1065 2942 sequuntur.
1110 2861 1195 2944 Ergo
1224 2862 1307 2945 cogi-

157 2958 257 3023 tanda
278 2964 327 3024 est
348 2979 411 3025 non
432 2959 628 3039 singularum
650 2961 807 3042 partium,
836 2960 895 3027 sed
917 2961 1043 3027 totius
1066 2976 1248 3028 scaenae
1261 2981 1307 3028 re·
1400 2984 1402 2988 ⁸

158 3060 315 3144 tractatio.
352 3061 435 3125 Tum
457 3080 533 3127 uero
557 3060 612 3142 qui
633 3063 753 3127 factum
776 3062 827 3144 sit,
850 3067 884 3125 ut
907 3063 1067 3128 nonnullis
1089 3063 1168 3128 locis
1191 3064 1309 3129 tenuis-

157 3161 258 3227 simae
280 3166 402 3228 tantum
425 3162 588 3228 retractati
611 3161 803 3246 exemplaris
833 3161 986 3240 reliquiae
1016 3168 1154 3228 aetatem
1182 3165 1309 3243 ferrent,

158 3263 294 3329 sescenti
316 3263 491 3344 excogitari
513 3268 646 3346 possunt
668 3262 770 3329 modi:
799 3262 851 3326 uel
877 3264 943 3325 tam
965 3262 1144 3328 manifestis
1168 3262 1309 3342 reliquas
1416 3342 1420 3352 Ι

157 3373 266 3447 partes
288 3364 482 3430 deformatas
504 3363 602 3428 tuisse
625 3363 753 3446 spmiae
775 3361 906 3440 originis
928 3364 1055 3445 naeuis,
1085 3369 1120 3428 ut
1144 3363 1207 3447 ipsi
1236 3383 1307 3429 con-

158 3463 345 3529 lectiuorum
373 3463 501 3527 illorum
531 3463 761 3546 exemplarium
790 3468 935 3528 auctores
965 3462 1232 3528 confidentissime
1260 3484 1308 3530 re-

159 3570 310 3647 spuerent
320 3564 356 3644 ²).

244 3663 380 3730 Omnino
403 3665 508 3730 locum
530 3665 636 3747 illum,
667 3665 721 3749 qul
744 3670 792 3731 est
815 3664 856 3729 de
884 3665 1180 3748 compositione
1208 3665 1307 3730 insiti-

160 3766 280 3830 ciarum
302 3767 429 3831 illarum
452 3766 588 3851 partium
611 3767 680 3832 siue
702 3766 785 3831 inter
807 3785 842 3831 se
865 3766 933 3832 sine
955 3785 1027 3832 cum
1052 3764 1198 3851 genuinis
1227 3765 1306 3832 eius·

248 3984 271 4047 1)
289 3980 450 4036 Detrimenti
468 3982 648 4050 suspicionem
666 3983 803 4038 nonnullis
821 3983 887 4038 locis
906 3984 1071 4051 argumentis
1089 3981 1198 4038 aliunde
1215 3982 1308 4050 petitis

159 4065 325 4120 stabiliuisse
343 4066 421 4120 nobis
439 4067 570 4132 uidemur,
588 4067 664 4120 uelut
680 4066 709 4119 in
727 4083 764 4121 sc.
783 4068 857 4121 1111.
1386 4058 1388 4063 ’

246 4153 272 4214 2)
289 4148 427 4204 Nonnulla
445 4151 540 4203 horum
558 4151 609 4204 iam
630 4150 702 4220 apud
719 4152 859 4206 Goetzium
876 4150 1038 4205 adumbrata
1056 4155 1130 4205 sunt:
1151 4149 1185 4205 ci.
1205 4168 1230 4219 p.
1250 4155 1308 4205 267.

160 4237 219 4287 269.
239 4237 295 4289 276.
333 4234 458 4289 Ceterum
476 4235 544 4288 hacc
563 4236 652 4289 omnia
671 4236 704 4289 de
725 4236 783 4290 sola
800 4234 981 4290 Bacchidibus
1000 4236 1119 4302 intellegi
1141 4235 1219 4288 uolo:
1245 4250 1309 4287 num

159 4319 188 4372 in
206 4319 347 4373 omnium
364 4318 518 4374 fabularum
531 4319 720 4388 dittographiis
740 4351 770 4358 -
790 4334 852 4373 narn
865 4319 1179 4373 additamentorum
1196 4334 1309 4387 prorsus

161 4402 215 4455 alia
225 4403 294 4458 ratio
314 4434 347 4441 -
364 4403 428 4457 item
441 4405 567 4473 princeps
579 4403 775 4472 quodammodo
787 4403 868 4459 fuerit
879 4402 1020 4457 breuiandi
1033 4402 1181 4467 consilium,
1200 4401 1310 4458 futurae

159 4492 201 4540 est
219 4487 392 4555 quaestionis.

212 4580 326 4631 Leipziger
339 4581 440 4623 Studien.
464 4581 507 4626 111.
1091 4592 1106 4642 3
