2940 5144
214 306 253 369 88
618 308 794 364 Gualtbarius
813 309 986 365 Brachmunn

212 483 316 571 possit
339 517 377 527 -
402 499 476 545 nam
492 480 592 546 multa
612 481 673 547 hoc
694 482 728 548 in
750 501 867 566 genere
889 481 999 563 aliqua
1020 502 1061 549 ex
1084 489 1174 566 parte
1198 482 1303 550 dubia
1325 505 1374 551 re

214 581 391 667 linquenda
410 599 481 647 esse
505 581 648 663 quisquis
670 583 739 667 ipse
762 582 962 649 discernendi
984 585 1159 668 periculum
1181 586 1298 653 iecerit
1322 608 1375 655 co·

213 689 346 775 gnoscet
369 718 407 729 —-
430 682 598 749 restituere
621 703 785 767 conemur,
816 683 911 766 quid
933 686 980 751 ab
1007 686 1094 770 ipso
1118 686 1266 753 Plauto
1297 708 1374 756 con-

215 791 316 857 ditum
339 804 410 851 esse
436 783 614 866 quidque
635 788 946 852 retractatorem
975 786 1105 855 fabulae
1127 795 1291 856 auctorem
1317 789 1374 857 ha·

216 895 290 960 bere
313 886 480 974 probabile
502 885 551 952 sit.

301 993 385 1057 Nam
408 1008 478 1054 cum
502 985 627 1072 experti
650 987 748 1052 simus
771 1007 812 1053 ex
835 988 1030 1072 singulorum
1055 990 1183 1057 demum
1206 995 1374 1079 exemplo·

216 1117 285 1162 rum
308 1089 484 1168 rationibus
508 1109 602 1172 quum
629 1088 866 1155 accuratissime
896 1090 1105 1159 consideratis
1136 1102 1258 1161 certam
1286 1116 1374 1163 com-

217 1194 325 1285 parari
339 1211 435 1279 posse
449 1189 594 1257 notitiam
612 1190 675 1256 loci
696 1189 792 1273 illius,
816 1191 869 1275 qui
892 1200 1016 1260 constat
1038 1201 1123 1261 recte
1146 1197 1375 1264 existimandis

217 1299 418 1366 diuersorum
441 1291 669 1376 exemplarium
693 1292 892 1358 histricorum
915 1295 1073 1379 reliquiis,
1100 1302 1196 1378 atque
1219 1299 1376 1379 quoniam

218 1403 353 1486 apparet
373 1394 515 1474 singulas
531 1392 636 1457 Plauti
657 1394 784 1459 fabulas
806 1394 1056 1463 diuersissimam
1079 1398 1140 1464 hac
1162 1399 1195 1464 in
1217 1419 1252 1464 re
1275 1401 1376 1469 fortu-

218 1523 293 1570 nam
316 1501 465 1581 expertas
488 1495 530 1560 ad
552 1500 692 1561 nostram
715 1502 854 1563 aetatem
876 1499 1075 1580 peruenisse:
1105 1519 1145 1565 ea
1166 1500 1220 1567 uia
1242 1523 1376 1588 progre-

219 1601 371 1671 diendum
394 1617 464 1664 esse
479 1616 665 1682 persuasum
688 1597 853 1679 habemus,
877 1604 911 1662 ut
932 1619 972 1665 ex
995 1620 1186 1682 unaquaque
1205 1605 1378 1672 comoedia

220 1718 439 1790 quaecumque
462 1699 523 1763 huc
544 1706 689 1783 spectare
712 1698 880 1764 uideantur
903 1703 1051 1785 exempla
1079 1704 1214 1771 collecta
1244 1725 1376 1791 separa-

220 1809 278 1875 tim
300 1804 506 1888 explicentur.

305 1903 500 1973 Monendum
514 1908 620 1969 autem
637 1901 715 1967 mihi
737 1908 787 1968 est
810 1903 851 1968 ab
874 1902 968 1969 huius
990 1904 1091 1970 libelli
1114 1905 1245 1972 consilio
1266 1927 1379 1992 segre·

96 2004 103 2015 ‘
221 2016 314 2094 gatas
336 2027 387 2072 me
416 2004 556 2071 uoluisse
585 2023 641 2070 eas
671 2003 889 2086 quaestiones,
920 2024 1002 2086 quae
1031 2013 1177 2091 spectant
1205 2005 1248 2072 ad
1276 2009 1379 2076 totius

222 2110 351 2177 fabulae
381 2105 660 2188 compositionem:
690 2105 820 2170 maius
847 2105 928 2172 illud
957 2108 1029 2174 dieo
1058 2108 1380 2178 retractationis

222 2229 362 2296 genus,
393 2206 479 2288 quod
503 2205 630 2287 quidem
652 2226 728 2270 num
751 2207 878 2272 omnino
900 2208 933 2274 in
956 2208 1017 2275 bac
1038 2208 1148 2275 fabula
1170 2211 1380 2278 statuendum

223 2313 265 2378 sit
288 2329 391 2395 quoue
407 2307 543 2372 ualuerit
565 2313 700 2391 apparet
723 2305 937 2391 disputatione
959 2309 1085 2377 absolui
1107 2330 1169 2377 non
1194 2331 1289 2396 posse
1314 2314 1381 2380 nisi

223 2415 343 2494 abeo,
374 2409 429 2490 qui
454 2407 548 2473 simul
577 2406 618 2473 de
648 2408 755 2473 multis
783 2409 888 2490 iisque
917 2410 1114 2503 difficillimis
1142 2413 1235 2480 rebus
1265 2415 1383 2484 dedita

224 2532 322 2599 opera
338 2510 494 2576 disserere
510 2507 723 2590 aggrediatur.
759 2511 900 2580 Pertinet
923 2513 1008 2598 enim
1030 2514 1091 2579 huc
1113 2515 1257 2597 quaestio
1281 2517 1383 2598 longe

224 2611 472 2691 intricatissima‚
489 2628 571 2691 quae
586 2617 636 2676 est
647 2610 688 2678 de
700 2611 865 2696 deperdito
881 2615 1009 2682 fabulae
1020 2616 1138 2699 capite;
1154 2618 1382 2703 ,quaerendum

224 2717 284 2783 erit
306 2715 347 2781 de
368 2712 581 2779 inconstantia
602 2712 668 2796 illa,
692 2733 733 2779 ex
755 2734 818 2796 qua
839 2721 1052 2800 repugnantes
1072 2718 1154 2784 inter
1173 2737 1208 2783 se
1229 2718 1383 2802 singulae

223 2819 354 2885 fabulae
382 2823 490 2901 partes
517 2814 663 2880 laborare
693 2816 882 2899 quibusdam
911 2819 1000 2886 uisae
1028 2826 1117 2903 sunt3
1149 2820 1383 2907 quaerendum,

225 2920 304 3002 quid
319 2918 517 3004 potissimum
540 2917 708 3000 probabile
730 2919 771 2984 sit
794 2940 814 2984 a
836 2927 932 3005 poeta
948 2920 1071 2988 Graeco
1093 2920 1274 3005 sumpsisse,
1299 2924 1384 3005 quid

225 3042 282 3088 suo
299 3021 425 3104 ingenio
438 3017 590 3086 confisum
605 3018 710 3104 ipsum
722 3021 870 3088 Plautum
887 3019 1068 3106 addidisse;
1085 3029 1255 3107 postremo,
1270 3030 1382 3092 utrum

225 3143 320 3190 unam
343 3142 384 3188 an
407 3121 486 3187 duas
509 3120 603 3185 simul
626 3122 901 3188 contaminationis
923 3122 1056 3190 artificio
1075 3122 1219 3189 adhibito
1236 3123 1383 3194 Graecas

225 3225 351 3292 tabulas
372 3229 498 3289 secutus
521 3221 577 3286 sit:
609 3238 691 3300 quae
714 3222 820 3288 omnia
841 3224 1034 3307 peculiarem
1065 3244 1199 3306 eamque
1223 3225 1310 3292 haud
1333 3234 1382 3297 te-

225 3347 321 3393 nuem
343 3321 641 3391 commentationem
665 3321 724 3386 sibi
747 3325 909 3407 postulare
932 3324 1122 3392 uidebantur
1134 3325 1164 3410 ¹).

255 3602 260 3611 .
315 3564 338 3624 t)
357 3558 492 3625 Quantum
511 3553 596 3618 absit,
621 3561 652 3607 ut
670 3554 733 3610 huic
750 3557 790 3610 rei
808 3556 945 3612 sufficiant
968 3576 1037 3628 quae
1054 3561 1087 3615 Κ.
1107 3561 1140 3614 Η.
1160 3562 1314 3618 Weisius
1333 3580 1383 3620 ex-

226 3642 320 3713 posuit
342 3641 370 3693 in
393 3640 483 3694 libello
506 3637 558 3693 Dic
580 3636 731 3694 Komddien
755 3640 802 3695 des
824 3640 941 3696 Plautus
963 3644 1095 3715 inscripto
1120 3646 1227 3711 (emisso
1250 3662 1275 3702 a.
1304 3652 1384 3718 1866)

227 3744 254 3795 p.
267 3731 299 3781 47
310 3741 377 3794 sqq„
397 3722 519 3792 quisquis
530 3723 700 3778 examinandi
719 3742 779 3780 cum
796 3727 973 3794 placitatum
991 3737 1148 3799 argumenta
1166 3732 1223 3786 eius
1240 3732 1384 3800 negotium

228 3808 385 3878 susceperit,
403 3807 511 3877 penitus
529 3809 703 3878 perspexerit.
730 3810 930 3880 Inspiciendum
948 3817 1040 3870 autem
1058 3816 1091 3871 de
1108 3814 1151 3870 his
1169 3815 1293 3872 omnibus
1312 3802 1387 3887 prae

229 3895 326 3951 ceteris
344 3892 562 3948 dissertationum
579 3894 823 3951 Ritschelianarum
841 3912 903 3965 par:
923 3898 1030 3968 Purerg.
1043 3916 1069 3968 p.
1083 3904 1217 3954 sat-427
1237 3905 1264 3954 et
1277 3901 1383 3970 Opusc.

227 3980 254 4032 11
271 3996 299 4048 p.
312 3981 458 4044 tsi—3743
485 3977 580 4034 deinde
597 3980 766 4049 Ladewigius
790 3981 885 4037 Philol.
904 3985 924 4036 t.
938 3983 1016 4039 XVII
1034 4001 1060 4052 p.
1074 3989 1120 4039 261
1132 4000 1206 4053 sqq„
1231 3985 1383 4045 Teuffolius

227 4063 299 4118 Mus.
314 4061 400 4117 Rhen.
419 4067 437 4115 t.
452 4062 515 4117 v111
533 4081 560 4132 p.
575 4069 606 4119 26
617 4081 670 4134 sq.‚
694 4066 821 4122 Goetzius
840 4065 873 4121 de
891 4067 999 4134 dittogr.
1018 4085 1044 4137 p.
1058 4073 1203 4124 sle-320.
1236 4071 1386 4135 Accedunt
