2948 4746
369 360 411 416 De
429 358 597 413 Bacchidem
615 357 758 412 Plautinae
774 359 968 414 retractatione
985 361 1119 415 scaenica.
1195 356 1197 360 ’
1273 360 1314 422 69

166 532 256 625 quire
284 530 460 598 rectissime
489 529 691 611 cognouisset
719 530 878 613 Bergkius
890 533 930 613 ¹),
965 530 1215 616 dittographiar'n
1244 553 1315 601 esse

145 634 299 700 *duorum
322 633 376 713 qui
399 630 594 714 praecedunt
615 631 802 715 autumauit,
823 631 870 697 sio
891 638 999 699 autem
1022 634 1195 715 antiquitus
1217 636 1315 720 scrip·

166 742 232 801 tum
255 733 353 799 fuisse
376 732 555 816 suspicatus
578 740 641 798 est:
755 770 759 775 -

384 865 426 920 Ibi
445 880 522 920 suam
540 869 656 919 aemtem
673 864 901 929 exercebant,
919 881 975 919 non
992 865 1009 918 i.
1028 866 1045 919 l.
1065 866 1082 919 l.

164 1006 247 1069 quae
271 986 399 1070 quidem
421 988 586 1071 scriptura,
612 992 781 1070 postquam
803 987 836 1051 in
858 1006 955 1052 unum
979 994 1161 1053 contextum
1183 993 1315 1073 recepta

164 1097 249 1156 esset
270 1095 405 1171 utraque
427 1088 585 1169 recensio,
614 1086 684 1152 fieri
705 1107 768 1152 non
789 1089 931 1173 potuisse
954 1088 1030 1170 quin
1055 1092 1184 1173 propter
1212 1093 1313 1157 mani-

162 1191 277 1258 festam
299 1191 470 1276 superioris
493 1203 603 1256 uersus
626 1188 868 1255 similitudinem
893 1189 1121 1256 immutaretur.
1166 1191 1313 1258 Eundem

163 1300 272 1359 autem
293 1312 421 1358 uersum
437 1309 555 1372 magna
576 1291 814 1375 propinquitate
836 1293 994 1372 attingere
1017 1291 1160 1358 eiusdem
1181 1294 1312 1360 fabulae

162 1414 289 1460 uersum
314 1398 369 1478 56:

265 1508 334 1563 Nam
352 1509 415 1563 bulo
433 1509 518 1563 aetati
535 1511 591 1563 non
609 1508 745 1576 conducit,
763 1509 865 1574 mulier,
884 1509 1088 1564 latebrosis
1107 1509 1203 1564 loeus

161 1630 293 1714 paululo
316 1635 390 1695 ante
412 1628 449 1694 Ο.
472 1628 668 1695 Ribbeckius
692 1621 856 1696 monuerat
865 1629 900 1713 ²).
937 1629 1084 1696 Ceterum
1106 1629 1231 1714 pridem
1253 1652 1311 1715 pro

163 1730 270 1814 spurio
293 1736 492 1816 expunxerat
513 1731 625 1797 Franc.
651 1730 806 1815 Guyetus.
1337 1770 1350 1799 ι

246 1832 353 1916 Atque
369 1831 517 1914 equidem
532 1852 660 1899 uersum
675 1832 765 1896 illum
782 1836 843 1896 430
861 1831 987 1915 penitus
1002 1850 1189 1914 persuasum
1205 1832 1327 1900 habeo<
1422 1821 1430 1826 ⁵

160 1933 290 1999 retineri
311 1954 374 2000 non
395 1952 490 2018 posse
515 1932 642 2017 (neque.
655 1933 804 1998 cancellis
820 1924 955 1998 eundem
969 1931 1134 1998 includere
1150 1933 1311 1999 dubitauit
1374 1927 1378 1935 ’

160 2034 239 2102 Alfr.
261 2034 519 2116 Fleckeisenus):
549 2033 797 2119 dittographiam
825 2051 894 2099 esse
916 2050 1065 2098 uersuum
1089 2036 1159 2099 428.
1184 2038 1244 2098 429
1268 2055 1310 2100 ex

159 2136 232 2220 ipsa
253 2136 443 2217 antiquitate
466 2134 673 2219 repetendam
695 2153 789 2219 nego.
828 2134 894 2200 Aut
915 2132 1110 2201 demonstret
1131 2135 1228 2201 uelim
1250 2136 1308 2200 ali-

161 2238 246 2321 quis,
273 2236 425 2320 quidnam
447 2236 572 2303 intersit
595 2236 794 2302 differentiae
816 2236 898 2301 inter
918 2235 1012 2303 huius
1026 2255 1146 2303 uersus
1167 2236 1309 2303 rationes

159 2345 190 2405 et
212 2339 343 2424 putidae
365 2339 533 2406 cuiuslibet
554 2337 808 2422 interpolationis
833 2357 961 2404 sensum
990 2337 1209 2421 contiguorum
1238 2357 1308 2403 uer-

159 2461 251 2522 suum
274 2436 450 2526 aequantis.

244 2543 286 2608 At
300 2542 403 2627 potuit
419 2540 547 2623 quidem
562 2540 714 2606 facillime
729 2540 776 2606 ita
797 2560 848 2606 res
870 2539 1009 2624 euenire,
1031 2546 1066 2604 ut
1088 2539 1197 2608 docuit
1213 2539 1310 2626 Berg-

160 2644 241 2710 kius.
266 2643 381 2710 Audio.
425 2643 534 2709 Potuit
555 2660 649 2707 sane:
676 2661 751 2707 nam
773 2642 960 2722 quantulum
989 2641 1049 2707 erit
1077 2661 1182 2707 rerum
1210 2642 1311 2708 incre·

159 2744 317 2828 dibilium‚
341 2764 421 2827 quas
435 2744 490 2811 uel
504 2743 646 2828 potuisse
662 2731 727 2807 ullo
743 2742 838 2807 modo
860 2742 930 2808 fieri
951 2727 1074 2827 neges?
1110 2743 1181 2808 Arti
1202 2750 1310 2809 tamen

159 2864 242 2928 nego
266 2847 435 2912 conuenire
457 2844 575 2910 ficticia
596 2862 635 2907 ac
664 2843 885 2908 commenticia
914 2861 1042 2925 prorsus
1070 2843 1205 2926 pristina
1234 2862 1311 2925 qua-

161 2946 236 3011 dam
252 2945 506 3027 similitudineil,
530 2963 613 3026 quae
632 2943 853 3010 diasceuastae
876 2942 982 3008 nescio
1006 2941 1056 3006 oui
1078 2941 1223 3007 mutandi
1245 2964 1309 3009 rur·

161 3066 215 3112 sus
237 3047 402 3112 materiam
427 3038 619 3130 praebuerit,
646 3044 735 3110 abuti
757 3043 800 3109 ad
822 3041 1064 3127 approbandam
1086 3043 1184 3108 aliam
1208 3044 1312 3112 bonae

161 3153 258 3213 notae
279 3146 495 3214 recensionem
517 3166 666 3212 uersuum
688 3145 815 3211 illorum
838 3143 914 3209 olim
935 3143 1154 3210 instauratam.

246 3249 284 3313 In
306 3247 491 3313 uniuersum
513 3247 613 3314 libere
635 3246 786 3332 profiteor
808 3246 903 3326 longe
926 3243 1091 3309 minimam
1112 3244 1153 3311 iis
1174 3244 1311 3330 duplicIs

160 3351 355 3418 recensionis
378 3367 474 3431 quam
497 3368 567 3415 esse
594 3347 763 3414 uoluerunt
791 3346 947 3430 exemplis
975 3343 1072 3410 fidem
1101 3366 1151 3411 me
1181 3344 1311 3430 habere,

163 3472 245 3533 quae
259 3452 293 3516 in
307 3451 378 3516 loco
394 3449 537 3532 alioquin
551 3451 593 3514 ab
608 3449 670 3514 hac
691 3467 725 3513 re
748 3447 943 3513 alienissimo
965 3445 1059 3512 unius
1080 3446 1229 3513 uersiculi
1250 3446 1311 3513 ite·
1378 3467 1383 3474 ·

163 3558 234 3618 rata
255 3551 414 3619 sententia
436 3550 643 3617 claudicantis
665 3548 780 3615 finibus
800 3548 1028 3615 contineantur.
1067 3545 1181 3613 Omnia
1204 3554 1311 3614 autem

165 3680 365 3691 .-..-.----—

250 3756 274 3820 l)
292 3750 388 3805 Diurn.
407 3751 489 3820 antiq.
508 3749 579 3805 stud.
598 3764 622 3805 a.
646 3754 708 3804 1850
725 3766 751 3819 p.
771 3753 828 3803 330.

247 3841 273 3903 l)
291 3835 381 3891 Praei.
401 3834 486 3890 Stichi
503 3834 705 3890 Ritsoholianae
721 3851 749 3904 p.
768 3831 867 3888 XVIII.

249 3927 274 3989 3)
292 3920 404 3990 Bergkii
420 3919 459 3973 illi
478 3919 647 3974 coniecturae
665 3919 688 3973 si
710 3918 770 3987 quis
794 3916 888 3972 credat
909 3914 1107 3969 firmamentum
1128 3914 1255 3969 accedere
1278 3928 1312 3968 ex

162 4006 306 4064 locutionis
323 4011 438 4060 aetutem
451 4003 634 4060 extendebant
650 4001 802 4067 insolentia,
821 4016 869 4070 ego
887 4005 982 4053 contra
996 3997 1129 4053 contendo
1142 3997 1213 4053 hanc
1224 3997 1311 4066 ipsam

163 4093 277 4162 prodere
294 4088 496 4159 interpolatoris
513 4086 656 4142 inscitiam.
