2940 5144
158 328 218 388 ll‘d
547 328 723 383 Gualtharius
742 326 914 381 Brachmenu

241 503 370 571 Ulixem
386 501 469 566 enim
489 501 521 565 in
543 505 660 584 raptu
682 496 858 583 palladii
879 497 922 563 ab
936 498 1067 564 Helena
1081 496 1238 582 agnitum
1251 516 1309 587 esse

156 626 219 670 non
239 599 327 670 ‘nota
341 594 463 669 fabula'
483 610 540 685 cst,
563 602 621 667 sed
636 600 822 684 Kiesslingii
838 592 1115 681 αὖτοσχεδίασμα
1125 599 1165 683 ¹).
1196 600 1308 669 Deinde

157 704 330 789 Chrysalus
353 708 478 773 detecto
500 704 605 789 priore
627 704 683 769 illo
705 702 873 769 mendaeio
900 721 961 768 neo
987 700 1073 763 dolia
1096 722 1117 763 e
1137 701 1266 785 peracto
1281 724 1307 765 re

156 807 270 870 estant
292 828 351 873 nee
371 827 474 869 serram
496 806 670 889 dorcpirll,
699 803 757 870 sed
780 802 966 870 Mnesilochi
989 803 1150 887 precibus
1172 812 1306 871 seruatur

38 941 45 958 ·
157 916 212 974 est.
257 908 407 991 Sequitur
430 908 608 989 euidenter,
638 913 757 971 utnon
788 905 910 990 possint
937 918 1048 971 uersus
1071 903 1307 972 een—eorm

156 1012 290 1094 primum
314 1013 415 1076 l'atom
438 1009 555 1074 relcrri.
601 1006 671 1085 Qua
695 1007 936 1074 ratiocinatione
957 1012 1046 1091 patet
1073 1008 1189 1074 euerti
1213 1008 1306 1075 Kieee

155 1112 246 1196 lingii
268 1111 466 1177 sententiam.

620 1464 763 1531 CAPUT
786 1464 838 1529 IV.

242 1604 334 1682 528.
378 1602 446 1666 lam
469 1600 659 1667 accedamus
686 1598 728 1664 ad
758 1600 857 1665 mult-o
887 1598 1066 1665 uberiorem
1095 1598 1239 1667 illorum
1267 1622 1310 1667 ex·

157 1703 332 1787 emplorum
362 1702 485 1785 copiam
516 1702 796 1783 perscrutandam,
830 1719 913 1782 quae
942 1699 1069 1785 proprio
1102 1700 1311 1787 dittogra-

156 1804 336 1890 phiarum
360 1805 488 1871 nomine
510 1803 704 1888 appellanda
726 1808 808 1867 sunt.
852 1803 922 1881 Quo
945 1801 977 1865 in
999 1820 1121 1883 genere
1146 1804 1311 1889 aliquanto

156 1905 317 1972 difficilius
339 1907 498 1972 interdum
527 1910 591 1989 est,
621 1925 717 1988 quam
739 1904 771 1968 in
794 1902 1037 1984 additamentis,
1067 1921 1246 1971 eausam
1269 1926 1311 1973 co·

155 2026 322 2089 gnoscere,
350 2028 414 2091 qua
436 2014 623 2073 retractator
645 2004 801 2070 adductus
824 2005 865 2070 sit
886 2011 921 2070 ut
941 2004 1091 2070 Plautina
1114 2005 1309 2074 immutaret

156 2106 355 2192 Quamquam
379 2108 462 2174 enim
485 2107 635 2173 Goetnius
657 2127 719 2173 non
741 2107 809 2171 sine
832 2125 949 2189 magna
969 2104 1038 2171 ueri
1059 2107 1173 2189 specie
1206 2109 1309 2175 multis

155 2209 187 2273 in
202 2210 281 2275 locis
297 2229 368 2274 cum
383 2210 464 2275 alias
480 2228 593 2274 causas
610 2216 675 2274 tum
691 2207 858 2273 breuiandi
876 2208 1016 2273 studium
1039 2206 1309 2291 demonstrauitll

156 2346 196 2355 —
220 2330 302 2392 quae
317 2310 398 2375 ratio
413 2310 459 2374 ita
474 2310 565 2375 nobis
581 2311 789 2394 comprobata
809 2314 867 2391 est,
890 2318 926 2374 ut
946 2310 978 2375 in
1001 2310 1161 2392 exemplis
1187 2317 1307 2377 tautum

155 2431 218 2474 non
234 2410 379 2476 omnibus
396 2429 490 2492 quam
511 2412 727 2477 recensionem
742 2415 873 2495 propter
890 2412 1032 2476 internas
1053 2411 1199 2479 rationes
1223 2414 1305 2480 dete

155 2511 270 2576 riorem
285 2530 356 2576 esse
369 2512 646 2596 intellexissemus,
669 2513 845 2578 breuiorem
862 2513 996 2578 eandem
1013 2514 1255 2596 reppererimus
1271 2550 1305 2560 -

154 2618 277 2677 restant
298 2619 404 2678 tamen
429 2615 577 2698 exempla
598 2615 760 2698 nonnulla,
782 2614 838 2680 ubi
860 2620 892 2680 et
915 2612 975 2679 hoc
997 2620 1186 2698 argumento
1212 2617 1304 2683 desti-

155 2714 214 2779 tuti
236 2714 335 2779 simus
357 2736 461 2798 neque
484 2716 651 2799 uestigium
674 2717 817 2783 internae
832 2715 996 2780 cuiusdam
1019 2715 1165 2782 mutendi
1189 2736 1305 2784 causae

152 2816 307 2897 indagare
327 2817 523 2901 potuerimus
534 2817 568 2899 4).
603 2820 639 2884 ln
662 2817 750 2882 hisee
772 2816 868 2897 igitur
890 2818 1015 2883 scaenis
1037 2838 1113 2883 num
1136 2818 1305 2885 credamus

152 2919 258 2984 subito
282 2918 406 2985 abiecto
429 2919 485 2984 illo
508 2918 595 2984 aliud
619 2919 725 2984 neseio
754 2918 839 3000 quod
869 2919 1034 2985 consilium
1064 2925 1303 2987 retractatorem

153 3026 295 3086 secutum
318 3020 412 3086 esse?
449 3021 523 3086 Veri
546 3024 688 3105 profecto
711 3039 774 3086 non
796 3020 909 3086 similo.
955 3020 1038 3098 Quid
1063 3027 1169 3087 autem
1199 3024 1305 3090 obstat

155 3121 323 3203 quominus
338 3123 539 3204 coniciamus
562 3122 647 3205 quod
663 3122 715 3187 hic
730 3120 906 3188 decurtatio
922 3122 979 3188 illa
994 3123 1134 3209 conspici
1153 3123 1223 3189 iam
1244 3144 1303 3191 non

243 3308 265 3367 l)
284 3303 323 3358 cf.
343 3321 425 3372 supra
443 3322 469 3374 p.
491 3309 547 3358 101.

239 3394 265 3454 2)
284 3387 324 3442 Cf.
342 3405 452 3444 uersum
465 3394 523 3455 965,
541 3389 613 3443 unde
628 3394 702 3458 patet
720 3404 774 3442 non
792 3404 872 3456 posse
889 3406 944 3443 non
962 3395 1086 3460 spectare
1104 3391 1172 3445 haec
1192 3391 1230 3446 ad
1248 3407 1304 3446 eam

154 3486 293 3541 scaenam,
318 3489 386 3541 quae
405 3474 554 3541 praeeedit:
578 3473 604 3526 id
623 3471 695 3541 quod
713 3489 767 3526 non
785 3475 872 3530 minus
895 3474 1011 3531 dilucide
1033 3475 1152 3530 ostendit
1173 3476 1304 3543 gemellus

154 3571 250 3610 uersus
269 3562 332 3610 952:
356 3556 498 3611 [linctus
515 3574 601 3622 sum,
619 3558 669 3612 sed
685 3557 756 3612 dolis
773 3575 815 3611 me
832 3559 930 3613 exemi.

240 3645 265 3706 3)
282 3640 343 3695 Vid.
362 3643 432 3695 Acta
450 3642 511 3696 Soc.
529 3642 622 3710 philol¹
641 3642 715 3711 Lips.
734 3649 755 3695 t.
768 3643 806 3697 Vl
823 3660 850 3712 p.
870 3648 917 3697 267
928 3660 986 3712 sqq.

240 3730 266 3790 4)
280 3724 409 3793 Spectant
420 3726 474 3780 lruc
487 3743 519 3781 ex
530 3728 655 3781 tractatis
667 3742 684 3781 a
695 3727 773 3781 nobis
786 3728 892 3782 scaenis
904 3729 1072 3796 potissimum
1084 3727 1135 3782 113
1149 3731 1177 3783 et
1188 3743 1305 3783 scaenae

154 3809 240 3864 1va¹³
258 3810 403 3864 nonnullae
421 3818 520 3879 partes.
552 3811 622 3864 Nam
633 3812 660 3865 in
677 3828 714 3865 sc.
727 3811 788 3865 llll
809 3814 882 3878 (item
894 3815 921 3867 in
933 3813 1008 3877 1113)
1026 3812 1160 3881 suspicari
1176 3812 1244 3868 lieet
1261 3828 1304 3868 ar·

153 3895 274 3960 gumenti
290 3894 491 3963 dispositionem
510 3901 715 3951 retractatorem
737 3894 902 3951 immutasse.
930 3898 1149 3965 Quemquamne
1169 3896 1228 3953 illic
1247 3898 1305 3967 qui·

154 3977 214 4031 dem
226 3978 278 4032 hac
292 3995 330 4043 re,
349 3981 454 4034 etiamsi
466 3997 531 4035 uera
546 3982 580 4035 sit
598 3982 677 4037 ualde
695 3982 777 4036 dubie
795 3983 841 4036 illa
857 3981 986 4051 suspicio,
1003 3982 1075 4036 iusta
1093 3997 1176 4036 causa
1189 3988 1308 4052 apparet

154 4061 325 4128 refingendee
342 4063 428 4132 ipsius
446 4065 591 4133 orationis,
610 4066 765 4121 sufficiebat
782 4068 853 4121 enim
870 4068 1017 4122 inseruisse
1034 4082 1117 4121 unum
1135 4083 1161 4121 u.
1181 4071 1241 4122 314.
