2940 5144
93 738 100 745 Ι
348 671 390 725 De
408 672 576 727 Bacchidum
594 670 735 726 Plautinae
753 671 946 726 retractatione
964 671 1098 726 scaenica.
1255 671 1291 734 81

87 796 121 913 ξ
136 864 227 929 quae
242 844 373 910 confuse
389 843 547 925 prioribus
562 841 707 908 uersibus
722 843 847 909 locutus
862 851 939 927 erat,
963 844 1162 913 considerate
1179 845 1294 912 iisdem

84 946 257 1019 titanum
287 944 473 1010 deliberatis
503 951 622 1010 eertum
651 952 811 1029 postremo
842 944 911 1010 auri
940 945 1095 1011 reddendi
1127 948 1294 1014 consilinm

84 1046 117 1103 l*
137 1047 238 1132 capit.
282 1048 395 1129 Itaque
425 1065 528 1127 neque
556 1047 588 1111 in
618 1047 698 1113 mira
728 1048 785 1113 illa
812 1048 927 1132 prioris
956 1048 1054 1132 partis
1082 1048 1295 1116 inconstantia

84 1158 101 1233 l
126 1151 318 1231 crebraque
334 1149 418 1213 intra
433 1148 577 1232 singulas
592 1149 825 1216 enuntiationes
841 1149 1034 1232 dehiscentis
1057 1151 1293 1231 quodammodo

84 1264 111 1331 l
140 1249 254 1319 sensus
278 1249 494 1332 discrepantia
516 1250 742 1317 offendendum
765 1257 822 1334 est,
845 1270 950 1332 neque
973 1250 999 1314 si
1022 1249 1053 1314 in
1077 1252 1179 1318 altera
1200 1256 1293 1336 parte

84 1364 87 1411 Ι
139 1353 294 1437 repetitur
317 1351 476 1433 quaedam
498 1353 657 1417 sententia
679 1372 719 1418 ex
742 1353 848 1437 priore
870 1359 1026 1435 suscepta.
1101 1389 1104 1396 -

84 1444 86 1453 ’
225 1456 294 1520 lam
317 1454 344 1518 si
367 1452 480 1518 harum
502 1453 636 1518 duarum
659 1473 763 1519 rerum
786 1473 906 1519 memor
931 1473 1079 1519 scaenam
1107 1453 1292 1538 perlegeris,

84 1572 87 1587 '
141 1556 299 1624 concedes
322 1554 417 1621 credo
441 1554 547 1619 omnia
570 1554 806 1639 simplicissima
829 1575 908 1621 esse.
948 1555 1044 1619 Inuiti
1068 1554 1151 1620 enim
1175 1555 1291 1620 Mnesi-

88 1704 93 1709 -
139 1657 227 1725 locbi
249 1654 469 1722 minitabunda
491 1656 592 1723 oratio
616 1654 652 1732 ἐξ
668 1648 931 1744 ἀπροσδοκήτου,
954 1664 988 1723 ut
1011 1657 1128 1740 dicunt,
1152 1655 1293 1723 declinat

139 1760 174 1824 in
198 1759 388 1826 contrariam
411 1764 533 1843 partem
556 1779 585 1823 u.
604 1763 663 1822 504
677 1777 740 1839 sq:

276 1892 345 1946 Nam
364 1891 427 1944 mibi
445 1870 530 1945 diuini
547 1889 693 1958 nimquam
711 1891 852 1961 quisquam
872 1887 991 1958 creduat

277 1976 312 2030 Ni
330 1992 377 2044 ego
396 1975 469 2029 illam
487 1976 616 2044 exemplis
634 1977 764 2045 phironia
783 1972 918 2045 plandque
936 2007 968 2014 -
987 1991 1055 2040 amo,
1134 1978 1138 1986 '
1241 1979 1290 2028 505

84 2122 103 2163 -·,-
139 2104 387 2165 consentaneum
418 2097 601 2190 enimlerat
630 2096 737 2163 dicere
766 2095 916 2178 clebrem
952 2094 1129 2176 eodemque
1161 2115 1291 2179 prorsus

84 2184 235 2291 {modo
256 2198 290 2263 in
314 2198 734 2281 sequentibus‘contrarium
764 2197 924 2279 eloquitur
952 2198 1035 2280 eius,
1067 2195 1152 2278 quod
1183 2196 1290 2262 dicere

120 2300 124 2315 ‘
139 2301 202 2368 sibi
223 2306 445 2384 proposuerat:
1141 2294 1147 2303 “

84 2420 87 2425 ’
277 2433 346 2500 [Ego
363 2431 427 2486 faxo
446 2432 501 2485 hau
519 2431 591 2487 dicet
607 2431 741 2496 uinctam,
761 2445 840 2499 quem
859 2430 1000 2498 derideeq]
1150 2454 1154 2463 ,
1241 2437 1290 2485 500

275 2518 345 2572 Nam
362 2514 415 2571 idm
433 2517 541 2571 domum
559 2517 604 2572 ibo
623 2523 704 2585 atque
722 2545 755 2554 -
773 2513 874 2582 aliquid
892 2515 1046 2583 surrupiam
1064 2517 1144 2584 patri,

206 2628 451 2740 Adngddfvdetridem
467 2691 515 2735 libr.
524 2673 614 2746 praeter·
630 2693 655 2740 A,
674 2691 709 2745 qui
728 2691 753 2734 G.
772 2691 858 2733 bacuio
877 2696 965 2733 auctore
983 2691 1071 2734 colibet
1089 2644 1289 2752 calcuandrstt

84 2768 112 2841 ,ζ
206 2763 290 2805 Versum
309 2773 347 2804 cur
363 2760 466 2804 cancellis
483 2760 674 2809 circumcluserim,
689 2759 757 2813 poulo
773 2765 823 2812 post
841 2759 958 2802 coercebo.

84 2884 89 2931 32
133 2877 280 2943 nimirum
310 2874 450 2940 dicturus
478 2894 589 2936 aarum
614 2871 744 2935 reddam
769 2873 836 2934 mco
857 2873 961 2955 patre}
993 2874 1160 2956 pergitque
1183 2875 1287 2956 magis
1352 2895 1363 2902 .

84 2998 86 3003 '
134 2979 300 3060 magisque
324 2995 395 3042 sese
417 2977 584 3073 implicans
608 2974 924 3041 contradictionibus:

254 3108 330 3162 Adeo
350 3107 399 3174 ego
417 3108 491 3160 illam
508 3123 601 3175 cogam
619 3122 704 3174 usque
722 3104 752 3158 rit
770 3105 904 3159 mendicat
921 3136 954 3144 —
971 3100 1047 3159 maus
1065 3109 1151 3175 pater,
1234 3115 1283 3164 500

84 3254 86 3261 ’
135 3238 206 3316 cum
228 3228 422 3292 Bacchidem
445 3248 466 3291 a
487 3226 643 3309 principio
666 3224 869 3306 intellexerit,
893 3244 989 3306 quam
1012 3225 1117 3293 dicere
1139 3229 1286 3296 uoluerat

135 3328 202 3392 fore
224 3332 259 3390 ut
280 3327 323 3392 ad
349 3331 526 3392 extremam
555 3327 697 3409 inopiam
725 3325 856 3390 redacta
883 3326 942 3406 sit,
971 3325 1093 3391 scilicet
1122 3347 1192 3393 cum
1222 3349 1286 3395 nou

135 3427 263 3510 habeat,
287 3445 349 3508 quo
366 3428 547 3493 libertatem
562 3447 652 3491 suam
668 3446 689 3490 a
704 3425 804 3491 milite
818 3424 1001 3507 redimat2).
1035 3425 1140 3504 Quare
1157 3451 1196 3495 ne
1216 3434 1284 3496 tan-

134 3529 240 3594 tillum
263 3527 391 3609 quidem
414 3526 576 3593 dubitabis
602 3548 727 3594 uersum
751 3531 811 3591 503
842 3527 884 3592 ad
911 3526 1038 3592 illorum
1067 3548 1211 3595 normam
1239 3533 1285 3599 ita

84 3674 101 3701 .·
135 3622 206 3696 cnm
219 3630 341 3716 Pylade
356 3630 510 3696 scribere:
532 3651 571 3692 ne
585 3630 641 3691 illo
656 3628 736 3692 illud
749 3628 856 3705 hercle
868 3628 936 3690 edm
952 3627 1131 3711 malefecit
1142 3665 1178 3676 -
1193 3653 1283 3708 mco,

133 3730 205 3815 (erro
226 3752 295 3794 meo
316 3732 433 3815 legitur
453 3731 485 3796 iu
511 3731 607 3815 Boc,
630 3748 692 3798 suo
714 3731 747 3796 in
770 3731 830 3814 A),
853 3749 915 3811 quo
934 3731 1005 3796 loco
1027 3729 1123 3795 miror
1144 3752 1184 3798 ne
1204 3732 1284 3800 Her·

134 3851 285 3920 mannum
308 3831 436 3914 quidem
459 3838 514 3898 aut
532 3831 740 3898 Ritscbelium
763 3840 818 3897 aut
840 3831 1083 3898 Fleckeisauum
1106 3852 1215 3898 uerum
1238 3836 1285 3900 ui·
1345 3854 1348 3859 ’

134 3933 231 4016 disse,
255 3934 309 4014 qui
330 3941 504 4018 praeeunte
526 3934 628 4000 Pareo
651 3934 683 3998 in
706 3933 755 3997 ed.
771 3935 818 3998 III
842 3933 994 4013 exhibent
1016 3954 1084 3996 cum
1099 3934 1182 3995 molo
1198 3936 1284 4016 jecit

223 4156 247 4216 lt
264 4122 437 4204 Ambrosiani
448 4149 643 4218 scripturarum
657 4149 839 4217 discrepantia
849 4148 942 4203 eodem
954 4149 1033 4203 modo
1042 4149 1218 4204 adnotabitur
1230 4166 1283 4218 quo

133 4233 163 4287 in
180 4233 287 4289 Goatzii
304 4233 458 4303 Loewiique
475 4233 510 4288 ad
523 4234 655 4288 Analecta
669 4234 795 4288 Plautina
808 4231 918 4300 Lipsiae
936 4247 959 4286 a.
975 4237 1037 4286 1877
1058 4232 1130 4287 edita
1148 4236 1283 4303 symbolis.

220 4322 246 4386 2)
264 4319 297 4374 V.
315 4325 365 4374 505
386 4325 461 4373 recte
484 4317 560 4390 παρὰ
581 4315 748 4389 προσδοκίαν
769 4317 920 4386 explicatus
943 4318 986 4370 est
1008 4317 1043 4370 ab
1061 4316 1200 4387 Ussingio,
1222 4337 1284 4376 cum

134 4405 193 4456 tota
211 4403 279 4458 haee
297 4404 372 4472 prior
389 4403 524 4472 particula
542 4406 599 4457 tum
617 4420 644 4457 u.
660 4408 708 4458 508
727 4403 780 4455 iem
797 4418 813 4456 a
830 4392 973 4456 Lambino.

187 4485 301 4548 Leipzi'ger
315 4497 408 4538 Studien
421 4496 460 4538 111.
1066 4510 1082 4559 6
