2940 5144
356 767 398 821 De
415 765 582 820 Bacchidum
599 763 743 819 Plautinae
760 764 955 820 retractatione
973 766 1106 820 scaenica.
1243 764 1305 826 133

153 939 256 1002 u’lz'am
277 941 422 1000 careciaco
445 935 514 1018 leae,
537 954 609 1000 cum
626 932 707 999 nihil
729 933 816 999 aliud
832 933 1006 1019 Chrysalus
1029 934 1135 1005 dicere
1157 935 1308 1006 uideatur

155 1060 251 1122 quam
272 1040 348 1103 hoc:
377 1035 448 1097 ideo
478 1033 623 1096 audaci
644 1032 811 1119 qaedam
833 1033 1005 1096 coasilio
1035 1039 1181 1100 cantiano
1208 1059 1307 1122 prae-

154 1141 226 1201 dam
241 1139 305 1200 illis
318 1134 576 1220 praeripiendam
598 1155 665 1197 esce
687 1133 844 1198 intellexi:
866 1135 900 1200 in
922 1133 984 1201 hoc
1006 1136 1136 1216 quidem
1157 1140 1228 1205 loeo
1251 1160 1305 1206 ne·

155 1239 273 1306 minem
296 1257 389 1322 spero
414 1235 700 1302 de·retractatione
722 1235 870 1302 scaenica
896 1226 1110 1320 suspicionem
1137 1245 1306 1308 moturum.

241 1339 335 1405 Haud
357 1358 449 1404 secus
471 1357 523 1403 ros
546 1341 732 1421 comparata
753 1342 803 1402 est
824 1337 856 1402 in
878 1358 907 1402 u.
925 1341 1003 1420 307,
1032 1338 1066 1404 in
1089 1358 1151 1420 quo
1175 1340 1305 1421 quidem

156 1442 220 1506 iarn
249 1439 450 1507 offenderunt
479 1443 512 1504 et
539 1437 674 1504 Bothius
704 1443 736 1503 et
765 1437 922 1520 Berghius
950 1437 1075 1521 (Dium.
1099 1440 1198 1524 antiq.
1220 1441 1305 1507 stud.

155 1545 283 1607 a.1850
307 1562 337 1625 p.
355 1540 442 1624 331).
485 1539 539 1604 1111
562 1539 645 1605 enim
668 1559 739 1604 cum
761 1539 1000 1623 perspexissent
1021 1541 1228 1626 Nicobulum,
1251 1542 1307 1609 ubi

155 1642 362 1726 comperisset
377 1640 575 1706 sacerdotem
591 1657 663 1705 csse
678 1640 881 1707 Theotimum
896 1640 1022 1707 Dianae
1037 1643 1209 1727 Ephesiae,
1227 1643 1308 1710 satis

155 1744 263 1827 inopte
285 1763 315 1806 u.
338 1744 399 1807 308
422 1740 564 1822 generali
589 1741 636 1806 uti
664 1741 840 1822 quaerendi
869 1742 1005 1808 formula
1032 1742 1108 1809 hae:
1140 1743 1215 1823 Qua
1237 1746 1310 1807 titia

160 1841 423 1926 Tleoamast?¹)‚
446 1842 610 1924 utriusque
631 1842 781 1908 uersiculi
803 1842 913 1908 sedem
935 1850 1217 1912 commutarerunt.
1250 1845 1308 1910 At-

156 1946 210 2028 qui
226 1944 319 2010 tarda
336 1944 398 2010 hoc
420 1943 514 2008 modo
538 1940 647 2008 euadit
669 1942 803 2009 duarum
826 1945 1079 2012 enuntiationum
1101 1945 1307 2012 relatiuarum

156 2046 346 2130 coniugatio.
381 2043 466 2124 Quid
480 2042 598 2127 igitur?
620 2044 704 2108 Num
721 2045 787 2111 ueri
803 2044 959 2110 dissimile
982 2050 1030 2112 est
1052 2046 1194 2112 hiantem
1215 2047 1307 2112 illum

155 2167 283 2213 uersum
298 2166 445 2212 manasse
461 2165 501 2211 ex
517 2144 700 2210 huiusmodi
719 2145 1075 2213 adnotatiuncula:
1096 2148 1246 2210 sacerdos
1261 2155 1311 2208 est

154 2249 282 2311 De'aaae
308 2245 488 2329 Ephesiae?
533 2244 636 2323 Quam
665 2244 794 2327 quidem
822 2246 865 2312 ad
892 2244 1163 2331 interpretandum
1192 2265 1309 2314 nomen

155 2347 395 2432 Megalobpzffl)
423 2348 457 2412 in
479 2346 622 2431 margine
644 2346 772 2413 adicere
799 2347 941 2413 litterato
972 2348 1079 2414 nescio
1109 2347 1160 2412 cui
1187 2346 1309 2414 homini

155 2449 258 2517 uideri
281 2468 358 2514 sene
379 2453 505 2532 poterat
533 2467 596 2513 non
621 2447 684 2534 abs
713 2467 748 2513 re
776 2466 856 2515 csse.
902 2448 971 2527 Quo
1000 2448 1060 2515 nisi
1087 2448 1162 2514 falsi
1188 2467 1308 2532 sumus,

155 2550 345 2636 eximendus
366 2569 481 2615 rursus
502 2549 558 2613 ille
586 2553 634 2614 est
664 2568 704 2614 ex
733 2569 865 2616 numero
894 2570 1004 2616 eorum
1032 2570 1198 2634 uersuum,
1227 2568 1307 2631 quos

154 2651 348 2718 Ritschelius
370 2652 451 2717 Nou.
474 2652 552 2716 Exo.
574 2671 606 2734 p.
625 2656 683 2714 114
696 2670 743 2732 sq.
766 2650 924 2716 tractauit.

243 2754 308 2819 Sed
330 2756 452 2820 restant
473 2750 547 2817 alia.
592 2751 713 2837 Negari
735 2751 819 2819 enim
841 2774 905 2819 non
925 2757 1032 2837 potest
1053 2773 1105 2818 uu.
1122 2756 1181 2818 337
1196 2772 1266 2834 sqq.
1291 2773 1310 2818 e

125 2927 128 2931 ,
157 2855 303 2922 uersibus
318 2852 524 2938 stt-334³)
542 2855 658 2938 potius,
681 2872 777 2935 quam
792 2874 833 2921 ex
849 2854 1064 2939 duobus-illis,
1086 2855 1142 2939 qui
1162 2854 1196 2921 in
1216 2854 1309 2921 libris

156 2955 370 3040 praecedunt,
395 2953 568 3022 nectendas
590 2955 698 3022 fuisse.
741 2955 827 3040 Ergo
849 2975 961 3022 uersus
985 2960 1057 3023 335.
1080 2958 1160 3040 336,
1183 2975 1255 3021 oum
1277 2959 1310 3021 et

157 3138 193 3195 cf.
204 3143 252 3193 319
263 3138 363 3206 Rieu),
382 3153 471 3207 quam,
490 3137 687 3206 quchothius
703 3141 730 3188 et
744 3136 900 3191 Hermanno
920 3142 947 3190 et
959 3137 1107 3192 Ritschelio
1126 3137 1261 3204 probauit,
1279 3143 1311 3191 ut

155 3225 214 3293 ipse
231 3225 389 3278 exanimum
412 3238 441 3276 se
458 3220 568 3288 pauisse
590 3222 684 3274 narret
702 3218 859 3287 Chrysalus,
882 3226 909 3274 et
931 3220 1069 3274 lenissima
1092 3219 1196 3273 medela
1219 3234 1310 3273 emen·

156 3310 257 3372 datum,
276 3307 300 3360 si
316 3305 417 3360 tradita
434 3303 569 3371 scriptura
587 3319 618 3356 eo
636 3304 811 3357 exanimatas
829 3306 869 3367 (eo
888 3319 926 3356 ex
941 3305 1078 3357 animatas
1094 3303 1128 3368 Β)
1146 3317 1161 3356 e
1179 3301 1309 3369 dittogra-

156 3392 222 3461 phia
239 3390 355 3446 uoculae
372 3405 403 3442 eo
422 3386 538 3441 oriunda
556 3400 572 3439 a
589 3387 668 3453 longe
686 3385 863 3440 usitatissimo
878 3386 995 3440 hbrariis
1007 3386 1140 3454 peccandi
1151 3400 1249 3454 genere
1266 3402 1309 3442 re-

155 3479 274 3546 petatur.
304 3474 429 3528 Ceterum
447 3471 482 3526 cf.
500 3470 707 3525 Fleckeisenum
725 3468 795 3524 Nou.
811 3469 900 3523 annal.
919 3474 938 3522 t.
952 3474 982 3524 61
1004 3473 1038 3536 (a.
1054 3473 1129 3536 1851)
1147 3486 1173 3540 p.
1187 3475 1218 3523 ll
1239 3473 1309 3528 conl.

156 3559 272 3613 Miscell.
287 3558 345 3612 erit.
364 3573 390 3624 p.
404 3561 419 3610 6
438 3555 545 3609 adOas.
558 3554 634 3621 1115,
647 3559 676 3606 lo
696 3560 723 3607 ct
735 3553 896 3608 Muellerum
913 3553 990 3609 Pras.
1002 3553 1042 3607 Pl.
1061 3570 1087 3622 p.
1101 3552 1158 3609 313.
1188 3554 1310 3625 Guyetus

155 3649 244 3697 totum
262 3657 371 3695 uersum
388 3630 564 3706 e'xpunxerat,
583 3654 637 3693 non
655 3639 713 3692 sine
729 3639 807 3706 gram
825 3637 975 3692 sententiae
993 3637 1161 3692 detrimento.

247 3731 268 3790 l)
287 3726 349 3794 quis
366 3738 416 3790 pro
435 3724 484 3790 pai
506 3721 590 3786 (hbe,
615 3721 734 3787 Ritsoh.‚
751 3722 856 3789 Fleck.)
878 3722 1020 3791 praeclara
1042 3721 1134 3776 iudicii
1158 3722 1310 3780 subtilitate

158 3820 224 3860 usus
237 3805 378 3868 substituit
389 3805 574 3860 Hermannus:
594 3806 674 3860 unice
685 3807 752 3860 illud
766 3806 911 3862 conuenire
922 3807 984 3861 usui
996 3805 1122 3860 Plautino
1137 3808 1309 3874 postmodum

158 3890 287 3959 exemplis
306 3890 477 3945 confirmauit
496 3888 642 3957 Seyffertus
661 3889 736 3943 Stud.
754 3891 796 3944 Pl.
814 3907 840 3959 p.
861 3894 892 3944 27
912 3889 975 3944 adn.
993 3894 1036 3946 20.

244 3979 270 4039 2)
287 3975 330 4028 De
346 3974 399 4028 hoc
416 3973 470 4027 uid.
488 3972 631 4026 Ritschelii
645 3973 764 4042 Parerga
780 3989 807 4042 p.
820 3978 871 4028 406
880 3989 937 4042 sqq.
958 3975 1027 4029 conl.
1047 3972 1200 4042 opuscul
1217 3992 1245 4046 p.
1258 3981 1309 4032 323

159 4065 186 4113 et
197 4058 349 4114 Fritzschio
361 4059 416 4112 ind.
428 4057 558 4112 Rostoch.
571 4072 595 4110 a.
610 4058 719 4123 tslsles
736 4073 762 4126 p.
776 4063 805 4110 5:
824 4057 953 4112 hhrorum
963 4058 1125 4126 scripturae
1141 4057 1312 4129 Mepalohale'

158 4144 340 4213 patrocinium
359 4142 480 4212 suscepit
496 4141 630 4209 Bergkius
648 4141 665 4193 l.
684 4156 706 4194 s.
742 4142 851 4210 Anceps
870 4140 989 4209 Ussiugii
1006 4144 1049 4195 eat
1066 4142 1208 4195 sententia.

244 4232 270 4294 3)
287 4227 439 4282 Fatendum
458 4231 499 4281 est
515 4225 596 4278 etiam
613 4225 703 4294 aptius
721 4225 858 4293 ahquanto
876 4224 937 4279 illos
955 4226 1046 4279 statim
1068 4228 1231 4292 excepturos
1249 4240 1311 4280 esse

159 4327 269 4367 uersum
287 4315 344 4366 332.
379 4313 421 4367 Ae
439 4327 473 4366 ne
490 4327 535 4363 uu.
555 4313 612 4364 333.
632 4314 682 4364 334
700 4309 807 4378 quidem
823 4324 986 4377 magnopere
1004 4307 1233 4373 desideraremus,
1258 4307 1313 4360 nisi
1338 4341 1339 4344 ,

158 4397 326 4451 luculentum
338 4396 391 4450 illis
409 4395 572 4465 praesidium
590 4400 716 4463 paratum
734 4400 805 4448 esset
823 4409 839 4449 a
857 4393 1008 4448 ratIonibus
1026 4397 1060 4448 ex
1076 4391 1191 4447 historia
1207 4388 1315 4463 petitis,

159 4497 227 4552 quas
246 4483 324 4538 docte
342 4480 467 4550 exposuit
483 4479 651 4547 hadewigius
669 4479 766 4533 Philol.
785 4481 804 4531 t.
818 4477 896 4534 XVII
913 4494 940 4547 p.
954 4482 1013 4534 tol.
1041 4544 1045 4550 .
