2948 4746
363 359 405 412 De
422 357 588 412 Bacchidum
605 356 748 413 Plautinae
766 358 960 414 retractatione
978 359 1111 414 scaenica.
1228 371 1231 378 “
1269 357 1308 419 65

245 534 265 612 5
288 534 316 594 6.
361 529 598 611 Insequentium
621 528 899 612 grammaticorum
922 527 1078 614 industria
1103 530 1211 597 notis
1234 532 1311 596 cri·

161 631 254 698 tiois
276 631 428 717 passim
450 629 638 697 uersibus
662 629 843 713 appictis
864 629 1045 695 fabularum
1061 638 1244 698 contextum
1263 652 1311 699 re·

161 733 290 799 censuit.
326 734 439 814 Neque
455 752 532 798 uero
548 731 726 797 mirandum
743 736 791 797 est
813 749 876 796 una
898 750 969 795 curn
991 751 1051 799 usu
1072 738 1218 798 notarum
1240 734 1311 799 illa·

160 854 229 900 rum
252 835 448 900 intellectam
469 833 580 918 paucis
609 832 746 898 saeculis
777 836 850 916 post
878 831 1046 898 euanuisse
1076 853 1194 915 easque
1224 834 1311 917 ipsas

160 936 314 1020 paulatim
340 935 540 1000 librariorum
563 932 709 1001 socordia
734 953 842 999 rursus
863 932 1061 1000 intercidisse
1074 933 1106 1017 ¹).
1151 936 1220 1014 Quo
1244 935 1312 1018 qui-

161 1034 234 1102 dem
251 1035 440 1102 detrimento
456 1043 571 1120 sponte
593 1034 788 1120 intellegitur
810 1034 929 1100 factum
952 1055 1032 1118 esse,
1056 1043 1092 1102 ut
1112 1036 1234 1119 ingenti
1257 1058 1312 1121 ag-

161 1124 245 1204 mine
267 1138 414 1204 uitiorum
445 1142 608 1217 tamqnam
631 1157 670 1202 ex
699 1135 824 1202 insidiis
852 1136 991 1202 irruente
1013 1137 1045 1202 in
1068 1138 1194 1204 fabulas
1217 1139 1311 1204 Plau·

161 1238 245 1305 tinas
260 1238 448 1305 tristissima
470 1238 544 1302 labe
567 1236 787 1321 confligeretur
809 1238 1041 1323 elegantissimi
1061 1245 1178 1323 poetae
1197 1258 1311 1306 sermo.

160 1339 380 1411 Manifestiora
402 1344 509 1403 tamen
532 1345 622 1404 erant
644 1340 777 1405 uulnera
798 1339 856 1404 illa
877 1338 1049 1405 admodum
1073 1342 1188 1423 multa,
1217 1361 1313 1425 qnam

162 1461 245 1522 quae
260 1441 369 1525 lugere
384 1444 515 1525 possent
530 1440 583 1505 uel
599 1439 729 1525 stupida
743 1441 888 1507 exeuntis
910 1441 1110 1524 antiquitatis
1126 1443 1194 1508 sine
1208 1461 1313 1526 gram-

150 1542 347 1608 maticorum
363 1542 432 1608 siue
450 1541 651 1607 librariorum
673 1541 811 1622 ingenia.
848 1543 917 1610 Nec
938 1542 1052 1608 desunt
1075 1543 1220 1628 uestigia,
1245 1543 1312 1627 qul·

162 1645 222 1708 bus
244 1649 398 1728 appareat
420 1643 548 1726 cognita
570 1642 686 1708 misera
706 1644 910 1724 lacerataque
926 1643 1077 1711 orationis
1092 1645 1227 1711 metriue
1243 1665 1312 1730 spe·

162 1744 225 1827 cie,
255 1750 291 1809 nt
312 1744 416 1825 qualis
438 1744 503 1824 legi
525 1745 732 1826 intellegique
761 1745 875 1810 saltem
904 1751 1012 1829 posset
1040 1745 1136 1811 talem
1168 1745 1313 1813 restitne-

161 1851 232 1909 rent
245 1843 394 1911 uersuum
410 1851 604 1928 contextum,
628 1866 699 1912 curn
716 1846 820 1911 uarias
836 1865 891 1912 eos
906 1846 1034 1912 molitos
1053 1865 1124 1912 esse
1147 1847 1313 1913 machinas

161 1949 228 2010 tum
250 1966 398 2012 uersuum
422 1947 490 2013 siue
512 1945 701 2012 traditorum
724 1946 971 2031 transpositione
993 1947 1062 2014 siue
1090 1946 1313 2014 additiciorum

113 2036 120 2044 ’
160 2046 406 2130 interpolatione
425 2048 529 2113 soluto
552 2048 779 2114 sententiarum
802 2048 900 2113 nexui
921 2054 957 2113 ut
978 2056 1198 2115 succurrerent
1220 2049 1314 2115 desu-

162 2146 291 2213 dauisse
302 2147 337 2232 2).
373 2149 520 2214 Ceterum
536 2147 807 2214 diasceuastarum
822 2149 959 2234 illorum,
982 2153 1016 2215 ut
1031 2154 1156 2231 uocant,
1180 2150 1314 2217 limandi

162 2249 383 2331 sarciendiqne
399 2249 486 2313 mala
500 2247 655 2316 sedulitas
671 2269 766 2331 quarn
784 2254 870 2316 recte
891 2254 1019 2334 putetur
1041 2251 1138 2316 etiam
1160 2250 1203 2317 ad
1225 2257 1313 2319 uetu-

160 2349 266 2415 stioris
289 2350 404 2416 aetatis
427 2350 530 2417 bonae
552 2356 648 2416 notae
670 2351 895 2436 grammaticos
920 2351 1126 2435 pertinuisse,
1157 2351 1244 2420 hand
1266 2354 1312 2419 fa·

159 2450 219 2516 cile
242 2450 448 2535 diiudicabis3
471 2472 574 2534 neque
597 2471 674 2517 sane
697 2453 830 2519 multum
852 2458 962 2518 nostra
983 2455 1090 2519 refert.

112 2560 115 2568 “
243 2553 311 2617 Iam
334 2561 486 2638 apparet,
515 2561 667 2638 quantum
690 2553 869 2620 conferatur
895 2554 1042 2621 anecdoti
1065 2553 1201 2621 Parisini
1223 2555 1317 2622 illius·

159 2652 312 2718 beneficio
342 2675 414 2720 cnm
446 2654 488 2721 ad
518 2653 727 2740 explicandas
756 2655 896 2721 rationes
925 2656 1098 2722 memoriae
1130 2657 1311 2723 fabularum

158 2754 377 2820 Plautinarum
400 2757 493 2823 nobis
515 2756 653 2823 traditae
675 2762 742 2821 tum
764 2754 807 2820 ad
830 2756 899 2821 eius
924 2754 1041 2839 ipsius,
1073 2776 1168 2839 quam
1198 2776 1312 2840 propo·

159 2855 289 2939 suimus,
312 2857 489 2923 sententiae
505 2857 765 2941 probabilitatem
780 2854 962 2938 aagendam
978 2876 1016 2922 ac
1031 2854 1312 2925 corroborandam.

158 2957 266 3038 Atque
288 2958 395 3021 omnia
418 2959 560 3041 profecto
583 2956 822 3039 simplicissima
842 2956 876 3021 in
897 2955 1032 3040 ipsaque
1054 2975 1089 3021 re
1111 2958 1216 3040 posita
1239 2977 1311 3024 esse

160 3055 315 3138 uidentur,
339 3057 385 3121 ita
399 3062 433 3121 ut
448 3057 514 3122 iam
529 3077 592 3123 non
614 3077 694 3140 opus
716 3057 758 3122 sit
779 3056 879 3122 fusius
901 3056 1078 3122 rationibus
1101 3057 1311 3138 argumentis·

95 3180 104 3192 ·
161 3174 224 3236 que
244 3175 327 3239 rem,
351 3175 447 3238 quam
471 3156 705 3237 enarrauimus‚
732 3156 893 3240 stabilire;
923 3156 963 3221 de
986 3157 1074 3225 cuius
1097 3178 1222 3225 summa
1244 3147 1312 3242 qui-

158 3254 236 3322 dem
257 3256 322 3322 iam
343 3276 446 3340 nemo,
471 3256 556 3338 qnod
578 3258 686 3338 sciam,
710 3254 837 3339 dubitat
858 3277 984 3343 eorum,
1006 3257 1093 3343 apud
1116 3280 1196 3344 quos
1218 3260 1312 3328 huius

161 3358 287 3439 generis
308 3359 466 3443 integrum
489 3368 538 3425 est
560 3346 735 3443 sanumque
757 3359 918 3427 iudicium.

250 3561 272 3622 t)
292 3557 331 3612 Of.
351 3559 381 3614 Ο.
401 3559 543 3614 Ribbeokii
560 3560 677 3629 prolegg.
695 3576 722 3629 p.
741 3564 795 3614 153.
813 3560 937 3615 -Num
955 3562 1094 3615 seruatum
1112 3560 1147 3614 sit
1163 3559 1311 3615 notationis

160 3641 395 3783 {gudrffifigdldm
413 3659 430 3697 a
446 3644 544 3700 Vetere
561 3645 591 3698 in
608 3644 775 3699 Bacchidum
792 3661 819 3698 u.
836 3649 886 3699 405
911 3644 992 3701 ualde
1016 3644 1124 3713 dubito;
1150 3643 1185 3700 cf.
1206 3644 1311 3700 Ritsch.

248 3818 273 3878 a)
293 3812 332 3866 of.
354 3813 446 3868 cocta.
465 3813 482 3868 ι.
500 3813 518 3867 l.
536 3830 562 3882 p.
576 3816 625 3867 acc
644 3813 736 3867 aanor.
750 3817 774 3880 a,
791 3829 818 3882 p.
832 3817 890 3878 arr.
903 3817 963 3868 ars.

215 4176 329 4228 Leipziger
342 4176 442 4219 Studien.
469 4175 507 4217 ΙΙΙ.
