2940 5144
244 326 285 388 76
615 326 619 337 ’
646 329 821 385 Gualtharius
840 330 1011 385 Brachmann

329 500 461 568 Conficti
475 501 571 584 igitur
586 521 656 568 esse
671 503 713 567 ab
728 522 765 569 eo
788 499 822 565 hi
844 519 955 566 uersus
978 499 1134 585 (to-21)
1158 501 1326 586 uidentur,
1350 507 1405 590 qni

243 621 393 668 scaenam
413 602 556 668 breuiare
579 602 730 670 studeret.
753 603 838 668 Nam
860 622 900 668 ne
922 602 981 668 hos
1004 624 1061 688 pro
1084 604 1240 688 genuinis,
1264 608 1402 689 eosqui

242 710 415 784 sequuntur
435 725 491 788 pro
514 704 631 787 spuriis
654 704 803 789 accipias,
827 705 1050 785 grauissimum
1072 705 1134 771 hoc
1155 706 1285 772 accedit
1308 725 1399 791 argu·

241 811 397 889 mentum,
428 806 514 887 quod
536 807 665 871 minirne
689 805 842 872 credibile
865 811 913 873 est
935 812 983 872 ter
1005 805 1046 873 de
1073 808 1211 890 integro,
1239 812 1277 874 ut
1300 809 1398 878 Adel-

240 907 388 992 phasium
410 907 472 973 sibi
491 907 695 992 spondeatur,
717 908 960 989 Agorastoclem
983 928 1084 993 orare,
1108 908 1304 975 Hannonem
1326 932 1398 996 pro

240 1008 380 1074 mittere:
403 1009 438 1074 id
460 1009 544 1090 quod
566 1010 704 1095 primum
725 1010 844 1075 lactum
867 1016 916 1075 est
938 1031 967 1076 u.
984 1010 1012 1075 V
1028 1013 1057 1093 3,
1074 1014 1113 1075 36
1126 1029 1206 1094 sqq,
1227 1007 1295 1077 lide
1319 1012 1400 1080 data

239 1110 353 1175 iterum
377 1111 595 1181 confirmatum
618 1111 646 1176 V
667 1115 697 1194 4,
719 1109 891 1194 tossq.¹),
922 1114 960 1177 of.
984 1115 1039 1176 97:
1070 1111 1134 1177 iam
1157 1111 1287 1177 tertium
1310 1112 1400 1181 ide‘m

240 1217 353 1277 exorat
367 1212 452 1277 male
468 1211 615 1279 diffidens
637 1231 735 1294 gener
756 1214 830 1294 Vb,
849 1216 982 1278 19-21.
1021 1212 1142 1292 Quodsi
1164 1213 1214 1278 cui
1236 1213 1401 1297 placuerit

238 1312 328 1396 istuc,
352 1315 380 1380 si
403 1312 452 1378 dis
475 1315 589 1398 placet,
608 1325 801 1397 postremum
819 1314 1044 1377 condimentum
1059 1315 1203 1397 subulae,
1227 1335 1347 1383 uereor
1365 1326 1400 1386 ut

239 1413 309 1480 sine
332 1415 488 1481 cruditate
512 1422 696 1497 concoquat.
732 1414 828 1482 Haud
849 1416 1054 1501 improbabili
1077 1422 1184 1482 autern
1209 1417 1401 1487 coniectura

239 1515 360 1581 efficias
376 1518 512 1583 eundem
534 1527 663 1602 poetam
677 1517 784 1583 Plauti
805 1518 998 1584 imitatorem
1020 1520 1053 1584 in
1075 1516 1239 1602 superiore
1261 1520 1400 1588 fabulae

237 1625 337 1701 parte,
360 1617 474 1700 inqua
496 1625 623 1684 exstant
645 1619 693 1683 illi
716 1638 795 1699 quos
817 1618 948 1685 laudaui
972 1639 1092 1702 uersus,
1116 1619 1321 1702 aliquantum
1343 1625 1399 1690 uel

238 1719 383 1786 omisisse
405 1720 457 1787 uel
481 1721 675 1795 contraxisse
697 1721 730 1785 in
752 1721 951 1804 angustiores
971 1721 1099 1802 lines2).

325 1877 348 1936 l)
367 1871 420 1938 Qui
435 1872 512 1926 locus
532 1870 615 1924 habet
631 1886 697 1924 sane
715 1886 768 1939 quo
787 1869 937 1938 displiceat.

322 1960 347 2021 2)
364 1957 422 2009 Iam
435 1956 514 2010 uideo
526 1955 555 2009 in
568 1956 654 2010 altero
667 1955 791 2010 hocloco
804 1956 890 2009 simile
903 1955 966 2024 quid
979 1955 1010 2008 O.
1024 1955 1184 2025 Seyffertum
1202 1955 1292 2021 (Stud.
1303 1958 1396 2015 Plaut.

234 2057 260 2110 p.
277 2045 307 2095 10
325 2041 397 2106 adn.)
416 2042 578 2105 coniecisse,
597 2056 614 2094 a
631 2040 755 2094 uersibus
774 2041 881 2108 quidem
898 2039 1050 2109 profectum
1067 2040 1238 2104 114111
1258 2059 1330 2110 quos
1351 2047 1397 2114 qui

235 2125 372 2181 sufficeret
384 2126 412 2179 in
424 2126 513 2181 locum
525 2127 702 2194 genuinorum
717 2156 749 2164 -
762 2130 860 2180 utnon
873 2124 945 2190 milri,
965 2125 1012 2179 sed
1024 2125 1153 2194 Seyfferto
1166 2125 1350 2193 perhibentur
1362 2160 1396 2170 -

234 2226 362 2264 uersuum
381 2216 507 2276 als-46,
531 2211 605 2264 illum
624 2210 651 2263 id
670 2209 756 2276 egisse
773 2209 873 2275 uideri,
894 2213 925 2262 ut
942 2224 1068 2264 scaenam
1085 2209 1237 2264 breuiatam
1254 2212 1394 2270 redderet

235 2294 359 2348 Ceterum
383 2294 456 2363 quod
481 2309 560 2361 aegre
583 2293 646 2348 tulit
669 2310 778 2347 uersum
796 2299 829 2347 43
854 2294 968 2347 duorum
990 2293 1035 2363 qui
1058 2293 1225 2361 praecedunt
1247 2295 1395 2354 inhaerere

233 2380 366 2446 uestigiis:
391 2379 489 2432 addere
506 2383 615 2447 poterat
631 2376 740 2431 tertium
760 2394 870 2432 uersum
881 2384 920 2432 al
945 2383 988 2444 (=
1008 2383 1073 2433 1144
1091 2378 1235 2445 chperti,
1259 2378 1288 2434 in
1307 2381 1393 2439 huius

233 2463 351 2518 editione
369 2478 460 2517 errore
477 2479 589 2518 numero
609 2468 640 2516 55
659 2465 799 2528 notatum).
835 2463 886 2530 Qui
904 2463 1009 2532 quidem
1027 2463 1143 2530 nexique
1165 2478 1226 2516 oum
1249 2479 1282 2519 oo
1307 2481 1393 2536 supe-

234 2547 320 2602 riores
337 2552 465 2614 quattuor
485 2564 545 2603 cum
563 2547 590 2601 in
608 2546 685 2602 libris
704 2547 827 2603 omnibus
845 2563 972 2602 scaenam
990 2548 1125 2614 claudant,
1144 2546 1260 2601 Acidalii
1278 2549 1391 2606 demum

233 2633 389 2686 coniectura
407 2636 471 2686 ante
495 2650 520 2686 u.
541 2636 573 2686 33
591 2631 715 2701 repositi:
739 2632 807 2700 haec
831 2648 875 2686 res
898 2633 1070 2701 integerrimo
1094 2632 1260 2686 firmamento
1286 2634 1392 2691 euincit

233 2710 300 2771 satis
319 2731 415 2785 graues
433 2718 675 2772 turbasscaenam
692 2716 767 2772 illam
785 2734 894 2786 passam
912 2733 979 2774 esse.
1015 2718 1073 2771 Nec
1090 2717 1205 2771 feliciter
1226 2718 1391 2774 crediderim

232 2802 314 2857 inhia
328 2802 469 2857 uersiculis
484 2802 608 2857 Acidalio
621 2817 676 2856 rem
690 2794 931 2871 cessisse,'quippe
949 2803 994 2872 qui
1011 2801 1173 2871 pedisequos
1191 2801 1243 2856 sibi
1260 2809 1391 2872 repetant

232 2904 329 2942 uersus
341 2893 373 2941 43
384 2904 452 2957 sqq,
471 2903 533 2941 cum
550 2889 763 2955 temperamento
782 2887 906 2941 nimirum
925 2886 1055 2942 orationis
1073 2886 1173 2940 rectius
1192 2886 1262 2940 inter
1274 2886 1388 2944 Hanno·

231 2989 292 3027 nem
311 2976 338 3027 et
356 2973 559 3041 Agorastoclem
578 2970 787 3027 distribuendae.
823 2971 926 3026 Versus
945 2971 1014 3026 eninr
1034 2975 1063 3024 41
1084 2970 1140 3025 noli
1157 2971 1246 3025 uereri
1264 2976 1295 3024 ut
1312 2988 1388 3027 com·

231 3058 309 3112 mode
322 3057 467 3112 conueniat
485 3073 546 3110 cum
564 3057 764 3134 superioribus:
784 3057 861 3112 ouius
879 3058 1072 3125 interpolatum
1091 3061 1132 3110 est
1149 3055 1313 3124 principium
1332 3073 1389 3112 una

232 3158 293 3197 cum
305 3143 402 3212 prioris
415 3143 501 3196 altera
513 3147 598 3210 parte.
633 3141 704 3195 Satis
716 3141 798 3209 igitur
809 3142 915 3197 fortiter
930 3141 1102 3196 retractaturi
1119 3140 1227 3196 uidetur
1245 3149 1388 3208 peractum

232 3243 291 3282 esse
308 3227 449 3282 resecandi
468 3243 550 3296 opus,
576 3225 791 3295 quandoquidem
810 3241 905 3280 uersus
925 3230 965 3280 53.
985 3231 1018 3280 54
1035 3225 1201 3294 respondent
1224 3224 1322 3293 prioris
1343 3241 1387 3280 re-

233 3312 367 3367 oensionis
391 3312 516 3366 uersibus
536 3314 567 3364 28
584 3327 623 3379 sq.
658 3310 715 3364 Iam
738 3312 815 3366 uides
840 3312 977 3379 oppletam
1000 3309 1057 3364 1111
1082 3325 1140 3364 1111
1163 3309 1234 3363 hanc
1257 3323 1388 3365 scaenam

231 3396 325 3466 spissis
342 3396 481 3465 uariisque
499 3395 685 3450 retractatoris
703 3395 839 3464 uestigiis,
862 3411 917 3450 non
934 3395 1015 3449 latius
1033 3394 1127 3449 iisdem
1144 3393 1338 3463 persequendis
1358 3395 1387 3450 in

230 3481 289 3536 istis
307 3481 434 3536 uidelicet
451 3479 505 3534 loci
522 3479 669 3548 angustiis;
696 3496 764 3549 quae
782 3497 844 3535 cum
863 3479 1077 3548 exspectauerim
1095 3477 1154 3534 1011
1172 3478 1249 3532 utin
1267 3479 1388 3548 Hasperi

229 3565 335 3631 libello,
360 3566 488 3621 siminus
513 3565 602 3619 omnia
625 3565 766 3634 expedita,
791 3569 820 3620 at
846 3568 1052 3619 commemorata
1074 3563 1223 3617 inuenirem
1246 3563 1386 3629 nonnulla,

231 3650 331 3720 quippe
349 3651 394 3719 qui
412 3654 618 3706 enumeraturus
636 3655 706 3705 esset
723 3666 750 3719 p.
768 3655 800 3705 28
818 3651 893 3705 locos
910 3649 981 3703 illius
999 3649 1118 3711 fabulae,
1136 3646 1234 3714 quibus
1252 3647 1388 3715 impressa

230 3736 423 3790 remansissent
436 3751 497 3789 cum
508 3734 665 3803 interpretis
683 3740 740 3788 tum
758 3733 944 3789 retractatoris
958 3733 1083 3801 uestigia:
1102 3733 1155 3785 hac
1172 3747 1221 3801 spe
1239 3730 1387 3788 destitutus

230 3836 297 3876 sum.
333 3821 393 3875 Hoc
411 3836 494 3875 unum
512 3818 595 3874 addo:
611 3819 768 3875 'luculenter
785 3819 989 3889 comprobatam
1006 3818 1094 3874 uideri
1110 3831 1144 3870 ac
1161 3831 1246 3884 supra
1263 3814 1319 3870 1111
1338 3831 1386 3870 ex-

230 3908 424 3975 spectationem
437 3922 517 3975 quam
536 3905 615 3959 modo
634 3903 745 3959 deloco
763 3906 818 3972 illo,
836 3922 889 3974 quo
908 3905 1022 3974 primurn
1038 3901 1197 3970 Adelphasii
1214 3901 1246 3956 fit
1263 3901 1387 3971 sponsio,

230 3991 362 4046 mouimus
380 3991 576 4061 suspicionem:
598 3989 709 4043 sustulit
726 3990 796 4043 enim
813 3992 977 4044 retractator
994 3999 1113 4044 scaenae
1128 3986 1152 4041 V
1165 3990 1190 4054 3,
1208 3985 1261 4041 nisi
1278 3985 1389 4055 egregie

231 4077 462 4143 argumentatione
480 4076 607 4142 fallimur,
626 4089 687 4129 cum
706 4073 773 4128 alios
791 4080 848 4128 tum
867 4089 962 4128 uersus
981 4072 1161 4138 V3‚3s-39.
