2940 5144
229 301 270 362 64
628 307 803 363 Gualtbarius
821 308 992 363 Brachmann

226 479 456 566 prolabentem
486 510 528 544 ·.
551 480 660 546 obelos
682 500 754 547 cum
776 487 892 564 puncto
921 479 964 541 ud
984 501 1035 554 cu,
1065 480 1104 543 de
1126 481 1235 566 quibus
1256 482 1385 547 dubitu-

229 585 322 648 butur
344 582 415 646 tolli
434 581 582 645 deberent
602 603 710 665 necne3
735 583 760 658 )
783 582 954 664 antisigma
968 583 1202 668 appingebatur
1217 582 1258 649 iis
1281 584 1382 651 uersi·

230 688 299 770 buu,
322 706 453 770 quorum
476 684 556 748 ordo
575 684 800 768 permutandus
822 694 908 766 crut3
938 691 1036 766 atque
1056 683 1090 750 id
1113 683 1199 767 quod
1220 704 1381 752 summam

229 789 322 855 huius
345 787 550 870 quaestionis,
572 787 606 851 in
629 806 693 867 qua
714 805 887 868 uersamur,
909 786 998 851 uelut
1020 806 1079 851 acu
1101 788 1217 871 tangit:
1247 789 1272 864 )
1295 789 1380 855 anti-

229 890 333 975 sigma
348 910 419 956 cum
435 896 551 974 puncto
574 888 761 971 ponebatur,
784 908 863 949 curu
886 887 1057 950 eiusdem
1079 909 1214 950 cencres
1235 910 1381 954 uersus

229 991 410 1076 duplices
432 1001 557 1052 essent
579 1000 615 1051 et
637 988 908 1062 dubitaretur,
933 991 1001 1073 qui
1017 992 1153 1073 potius
1174 992 1339 1071 dependi
1347 992 1380 1076 ¹).

229 1093 365 1159 Etiamsi
387 1093 470 1157 enim
493 1091 665 1172 nescimus,
696 1109 758 1171 quo
781 1098 924 1174 tempore
945 1092 1036 1176 ipsae
1057 1092 1186 1158 fabulae
1208 1091 1382 1160 Plautinae

229 1200 363 1279 coeptae
379 1193 441 1258 sint
457 1192 628 1274 emendari,
645 1190 806 1275 distingui,
829 1192 974 1258 adnotari
988 1194 1029 1274 ll:
1053 1193 1193 1259 studium
1207 1193 1344 1275 aliquod
1353 1195 1381 1279 ³)

230 1295 272 1361 ad
289 1297 437 1361 Plautum
457 1294 628 1360 contulisse
649 1295 713 1358 iam
730 1294 765 1359 L.
781 1294 908 1360 Aelium
924 1295 1089 1377 Stilonem,
1112 1295 1263 1361 Varronis
1285 1314 1381 1380 prae-

127 1386 130 1391 ⁴
230 1404 404 1481 ceptorem,
428 1396 524 1462 Gellii
535 1395 561 1478 4)
584 1396 735 1476 Festique
747 1395 772 1478 5)
796 1396 977 1461 testimonio
1000 1402 1195 1481 compertum
1211 1396 1381 1479 habemus,

230 1520 324 1583 quem
347 1498 475 1581 quidem
499 1501 623 1563 constat
651 1495 764 1563 eodem
793 1497 860 1562 fere
888 1504 1030 1580 tempore
1058 1505 1166 1564 natum
1195 1516 1285 1577 esse,
1315 1516 1382 1579 quo

230 1601 383 1667 credibile
403 1599 498 1666 estin
513 1618 661 1664 scaenam
676 1598 839 1665 reductam
861 1618 930 1665 esse
953 1616 1076 1665 musam
1091 1600 1281 1681 Plautinum,
1305 1619 1382 1667 con·

90 1690 97 1703 ²
229 1701 313 1768 finiis
329 1702 474 1767 nimirum
490 1701 572 1766 sexti
587 1701 776 1785 septimique
792 1701 834 1765 ab
849 1720 878 1766 u.
895 1721 921 1765 c.
938 1701 1066 1766 saeculi.
1100 1703 1169 1767 Iam
1188 1700 1261 1767 huic
1280 1701 1383 1784 igitur

231 1803 427 1888 exemplaria
448 1802 627 1867 fabularum
650 1802 882 1884 Plautinarum,
909 1803 1142 1885 qualiacunque
1164 1806 1306 1885 luerunt,
1336 1802 1383 1869 ad

229 1904 469 1971 manumisisse
485 1908 731 1968 consentaneum
748 1910 804 1968 est.
835 1903 978 1969 Eundem
993 1911 1100 1970 autem
1115 1904 1245 1985 eiusque
1259 1922 1381 1985 aequa·

230 2008 278 2073 les
298 2008 362 2071 iam
385 2005 529 2090 coepisse
552 2005 668 2071 scimus
689 2005 722 2069 in
744 2005 817 2070 aliis
840 2005 1030 2086 quibusdam
1055 2004 1262 2087 scriptoribus
1292 2007 1381 2072 notis

229 2109 294 2174 illis
315 2109 432 2174 criticis
454 2107 593 2189 genuina
614 2126 635 2170 a
656 2105 771 2188 spuriis
795 2105 964 2187 dubiisque
986 2105 1161 2172 dinoscere.

316 2207 516 2275 Credendum
537 2208 635 2290 igitur
656 2212 704 2270 est
725 2226 765 2270 ne
788 2208 1008 2287 antiquissima
1030 2206 1159 2289 quidem
1184 2209 1242 2273 illa
1270 2226 1379 2274 exem-

229 2311 334 2396 plaria
355 2309 503 2374 Plautina
524 2309 802 2391 grammaticorum
824 2308 856 2372 in
886 2328 976 2375 nsum
1005 2318 1138 2375 exarata
1167 2302 1308 2392 ἀκρίτως
1338 2302 1379 2377 eu

229 2410 417 2478 histrionum
441 2409 652 2475 uoluminibus
676 2428 715 2475 ea
736 2407 853 2475 fiducia
875 2416 1009 2476 consuta
1030 2430 1116 2492 esse,
1143 2410 1235 2494 quasi
1257 2410 1380 2478 additis

230 2512 458 2597 supplementis
472 2511 537 2576 illis
553 2530 665 2576 manca
676 2511 775 2595 ipsius
790 2518 905 2596 poetae
920 2531 1032 2578 manus
1046 2517 1300 2596 recuperaretur:
1319 2511 1380 2579 sod

230 2614 380 2680 maluisse
391 2613 464 2679 illos
474 2614 664 2697 importuna,
679 2612 849 2695 incondita,
865 2612 971 2695 dubia,
988 2613 1112 2679 etiamsi
1125 2611 1264 2678 nondam
1277 2613 1380 2697 signis

230 2715 346 2782 criticis
362 2713 497 2799 digesta,
518 2715 551 2779 in
574 2714 696 2780 scriniis
718 2733 845 2779 seruare
867 2717 971 2781 futuro
994 2713 1219 2794 distinguenda
1237 2714 1379 2798 negotio,

194 2816 196 2821 ’
230 2836 325 2899 quam
341 2817 393 2882 uel
413 2836 509 2882 unam
532 2816 679 2880 uoculam
701 2814 834 2882 fortasse
857 2817 1006 2881 aPlauto
1028 2817 1201 2899 proiectam
1225 2814 1379 2897 deleret).

230 2918 326 2984 Cuius
341 2917 469 2999 quidem
484 2917 648 2984 modestae
664 2918 795 2986 rationis
810 2939 928 3004 magna
942 2918 1007 2984 illis
1022 2915 1171 2982 habenda
1194 2920 1243 2981 est
1263 2915 1380 3000 gratia.

228 3056 432 3066 --.-——-—

285 3174 288 3178 Α
317 3124 340 3184 1)
357 3118 399 3172 De
415 3118 468 3170 hac
486 3121 545 3170 tota
562 3132 591 3172 rs
609 3117 1086 3187 uideBsrgkiuml.l.p.109-131,
1104 3115 1142 3170 M.
1156 3115 1295 3170 Hertzium
1312 3115 1380 3170 ibid.
1437 3100 1442 3107 ’

229 3219 255 3272 p.
265 3206 392 3269 aaa-98,
410 3200 657 3254 Reifferscheidium
675 3201 703 3253 in
721 3202 806 3269 primo
821 3201 1013 3270 Quaestionum
1026 3201 1135 3258 Sueton.
1150 3201 1239 3270 capite
1252 3199 1382 3255 editionis

230 3304 256 3356 p.
268 3290 417 3352 lla-421,
436 3286 466 3339 0.
484 3284 664 3337 Ribbeckium
681 3284 709 3336 in
727 3285 922 3352 prolegomenis
940 3286 1000 3339 crit.
1017 3286 1053 3340 ad
1071 3285 1168 3352 Vergil.
1188 3302 1213 3355 p.
1237 3288 1383 3339 tes—163.

230 3371 273 3425 ad
290 3385 403 3439 graecos
420 3368 590 3438 potissimum
613 3366 758 3434 scriptores
779 3374 887 3437 spectat
904 3369 1047 3424 Schraderi
1070 3369 1224 3423 dissertabo
1248 3368 1281 3422 dc
1299 3373 1381 3423 rota-

230 3457 302 3508 tione
317 3455 422 3508 critica.

316 3543 341 3601 2)
361 3537 401 3592 cf.
420 3536 598 3589 Ritscbelium
621 3535 692 3590 Mus.
711 3536 796 3590 Rhen.
816 3544 836 3589 t.
852 3536 891 3591 lV
908 3542 942 3599 (a.
964 3541 1038 3602 1848)
1060 3553 1086 3606 p.
1107 3542 1156 3592 509
1174 3565 1208 3584 =
1226 3552 1318 3605 opusc.
1337 3539 1383 3593 ΙΙΙ

229 3641 256 3694 p.
276 3628 325 3678 447
344 3621 422 3685 adn,
445 3619 564 3673 eiusdem
581 3619 774 3688 Prolegomena
791 3622 826 3675 ad
843 3621 933 3675 Plauti
952 3623 1103 3677 comoedias
1121 3638 1148 3692 p.
1168 3626 1214 3684 67,
1232 3621 1302 3676 Nou.
1321 3622 1384 3676 Ex·

229 3724 300 3763 curs.
324 3724 352 3778 p.
373 3711 469 3772 liusq.

315 3796 340 3858 3)
359 3791 400 3845 cf.
419 3789 547 3844 Ritscbel.
566 3789 628 3843 Par.
645 3807 671 3859 p.
684 3795 716 3845 90
727 3807 767 3860 sq.
787 3795 837 3846 366
846 3807 885 3860 sq.

315 3883 341 3943 4)
357 3875 438 3931 Nost.
457 3876 514 3927 Att.
531 3874 572 3928 111
585 3880 609 3941 a,
624 3881 643 3929 1.
658 3880 695 3930 12.

315 3968 341 4024 5)
360 3961 386 4016 S.
404 3977 430 4014 u.
449 3961 557 4028 Vapula
573 3959 690 4029 Papiria,
708 3976 733 4029 p.
753 3964 802 4015 ³72
819 3961 941 4016 Mueller.

316 4049 341 4110 6)
360 4045 398 4098 (ll.
419 4043 512 4098 Gaetu.
530 4045 547 4097 l.
566 4046 583 4098 l.
602 4059 630 4112 p.
643 4049 742 4112 tlbsq.
