2940 5144
321 779 363 834 De
382 778 549 835 Bacchidum
567 777 709 835 Plautinae
726 779 920 836 retractatione
939 779 1070 837 scaenica.
1208 777 1270 840 185

199 954 285 1036 Ergo
308 949 479 1017 abicienda
501 953 550 1015 est
570 948 628 1014 illa
650 949 774 1035 opinio,
803 970 862 1017 nec
891 957 998 1017 tamen
1020 950 1065 1016 ita
1088 952 1269 1035 abicienda,

113 1062 150 1121 ut
171 1054 247 1120 fecit
269 1050 454 1132 Ussingius:
485 1048 557 1135 qui,
588 1052 679 1132 quasi
703 1059 815 1118 cuncta
842 1051 1059 1138 disputatione
1085 1053 1164 1120 nihil
1193 1053 1286 1121 effe-³

113 1159 211 1223 cisset
232 1153 387 1236 Meierus,
417 1159 521 1235 aequo
545 1152 651 1219 animo
677 1153 816 1236 priorem
845 1155 934 1221 illam
963 1173 1071 1220 rursus
1099 1155 1269 1239 amplexus

92 1265 165 1324 'est
188 1256 228 1324 de
253 1257 401 1341 Lycurgo
425 1254 587 1340 Spartiata
611 1255 868 1340 explicationem.
905 1255 1198 1339 Circumspicienda
1220 1266 1270 1324 est

117 1360 223 1426 uerior
244 1356 334 1424 ratic.
1025 1353 1027 1357 ⁴

202 1459 323 1538 Quodsi
353 1456 441 1543 apud
470 1458 575 1542 ipsum
597 1457 747 1523 Plautum
773 1459 806 1523 in
829 1459 973 1544 Captiuis
995 1480 1024 1526 u.
1049 1462 1111 1523 562
1133 1459 1182 1524 Fl.
1205 1460 1268 1544 Ly-

114 1583 246 1646 curgum
261 1559 441 1640 inuenimus
455 1558 599 1625 insaniae
614 1563 796 1644 exemplum
815 1565 1106 1645 commemoratum,
1129 1561 1185 1626 ubi
1201 1562 1268 1642 qui-

114 1664 188 1729 dem
211 1663 287 1744 quin
310 1659 506 1746 significatus
529 1659 570 1725 sit
592 1662 795 1729 Thracius
824 1662 880 1728 ille
909 1663 1119 1747 Lycurgus
1141 1662 1268 1730 Edono·
1364 1669 1370 1679 '
1437 1635 1440 1650 ¹

112 1786 182 1830 rum
206 1783 263 1829 rex
286 1762 394 1828 Liberi
416 1766 614 1845 contemptor
636 1763 775 1831 dubitari
795 1765 882 1832 nullo
902 1763 998 1830 modo
1020 1770 1140 1849 potest:
1168 1764 1270 1849 quid?

113 1863 311 1930 Bacchidum
332 1864 395 1929 hoo
417 1863 487 1929 loco
516 1875 605 1931 num.
622 1865 728 1950 aptius
757 1865 970 1933 continentiae
999 1866 1183 1948 exemplum
1204 1866 1267 1932 dis·

113 1966 219 2050 cipulo
234 1970 465 2049 proponentem
486 1965 619 2031 Plautus
638 1965 760 2050 fingere
775 1968 998 2054 paedagogum
1014 1973 1149 2053 poterat,
1172 1988 1269 2052 quam

114 2066 250 2135 cundem
273 2067 454 2150 Lycurgum
469 2066 640 2134 Edonum?
663 2069 776 2150 Neque
799 2069 827 2134 si
843 2070 1013 2152 quaeritur,
1036 2068 1120 2136 unde
1135 2070 1268 2136 Plautus

113 2175 211 2250 atque
234 2167 267 2251 ii,
291 2167 345 2250 qui
367 2172 565 2251 spectatores
589 2175 703 2252 essent,
726 2190 830 2236 rerum
845 2169 973 2235 illarum
988 2172 1175 2236 memoriam
1190 2159 1268 2237 hau·

114 2269 224 2352 serint,
248 2270 419 2351 quicquam
441 2270 635 2336 laboramus.
665 2271 807 2337 Naeuius
830 2270 914 2337 enim
936 2277 1036 2337 totam
1060 2270 1100 2338 de
1122 2272 1268 2357 Lycurgo

114 2370 174 2438 illo
196 2371 316 2437 famam
340 2375 526 2453 persecutus
548 2377 618 2439 erat
640 2392 680 2438 aa
701 2371 882 2456 tragoedia,
906 2390 988 2453 quae
1002 2372 1045 2439 ab
1067 2372 1138 2454 ipso
1152 2393 1270 2439 nomen

115 2471 291 2556 accepit;¹)
314 2471 405 2538 cuius
427 2471 646 2539 recentissima
667 2473 700 2538 in
723 2474 882 2540 mentibus
896 2474 1030 2541 haerere
1042 2471 1183 2540 debebat
1204 2494 1269 2541 me·

94 2574 234 2657 moria,
265 2592 337 2639 cum
360 2573 493 2640 Plautus
516 2575 582 2658 egit
603 2575 782 2660 Bacchides
804 2595 905 2642 suam.
947 2575 1000 2642 Ad
1021 2581 1116 2657 quam
1139 2575 1269 2657 quidem

11 2696 16 2703 ·
113 2674 316 2759 tragoediam
353 2675 477 2759 pridem
507 2675 713 2760 Ladewigius
742 2677 885 2744 Analect.
913 2695 1018 2744 scaen.
1048 2699 1080 2763 p.
1112 2682 1150 2742 12
1173 2684 1206 2746 et
1230 2684 1269 2743 14

113 2777 281 2844 uerissime
310 2777 478 2843 rettulerat
508 2783 541 2843 et
569 2778 776 2862 Oaptiuorum
802 2779 893 2845 illum
922 2779 1026 2846 locum
1055 2784 1087 2847 et
1111 2780 1268 2847 illustrem

113 2879 259 2945 insaniae
292 2877 529 2945 simulationem
556 2879 600 2944 ad
627 2882 741 2965 tragici
768 2880 896 2966 generis
917 2881 1085 2948 ridiculam
1108 2881 1270 2965 quandam

114 2979 360 3047 similitudinem
375 2978 609 3089 adsurgentem,
633 3003 715 3066 quae
731 2982 827 3050 estin
842 2981 1059 3080 Menaechmis
1075 3004 1104 3049 u.
1122 2988 1183 3050 836
1199 3001 1270 3065 sqq.

146 3241 148 3245 .
202 3166 226 3227 1)
244 3160 286 3215 De
304 3176 358 3230 qua
376 3162 437 3216 uide
455 3162 635 3218 Ribbeckium
653 3163 686 3217 de
703 3163 824 3230 tragocd.
845 3163 923 3218 Rom.
941 3180 969 3232 p.
982 3169 1092 3217 55-61.
