2940 5144
232 540 272 600 74
633 539 808 594 Gnaltharius
826 540 999 595 Brachmanu

314 714 415 796 Nam,
444 720 479 779 ut
505 733 544 778 ea
572 713 791 798 praemittam,
820 731 903 795 quae
932 732 1003 779 oum
1031 712 1123 793 quasi
1152 711 1184 775 in
1213 712 1384 796 propatulo

230 816 335 901 posita
348 813 412 880 sint
426 815 483 879 ‚uel
505 815 705 898 paucissimis
729 815 853 880 absolui
874 821 1022 898 possunt:
1046 814 1168 880 exitus
1190 814 1385 897 suppositi

229 939 260 985 u.
277 923 317 982 40
330 915 430 1001 sqq.¹)
453 935 611 998 quaenam
632 916 696 982 sint
718 915 862 983 conuicia
884 936 923 982 ac
946 914 1134 999 maledicta,
1163 915 1279 996 quibus
1309 914 1384 980 leno

229 1040 265 1086 se
279 1023 403 1104 purget,
425 1014 513 1082 haud
528 1016 623 1084 facile
646 1019 816 1103 explanes;
839 1037 996 1100 nusquam
1020 1017 1103 1083 enim
1125 1017 1158 1081 in
1180 1022 1249 1082 tota
1270 1016 1385 1082 fabula

229 1123 350 1206 Lycum
365 1119 492 1187 inuenio
509 1119 659 1186 Hannoni
679 1119 933 1187 maledicentem.
970 1118 1213 1204 Apertissimum
1230 1125 1279 1184 est
1301 1116 1384 1184 haec

214 1216 303 1290 ‘inda
326 1244 346 1288 a
367 1218 480 1289 uerbis
496 1221 584 1305 Epo,
607 1221 714 1284 Poene
736 1220 963 1288 Antamoenidi
992 1219 1163 1285 tribuenda
1191 1239 1278 1295 esse,
1308 1239 1384 1285 con-

228 1324 361 1392 ferenda
382 1330 487 1391 autem
511 1330 583 1389 sunt
606 1343 677 1389 cum
699 1323 845 1390 uersibus
867 1321 940 1405 Vb,
957 1326 994 1384 41
1008 1341 1055 1404 sq.
1079 1327 1111 1387 et
1133 1326 1173 1385 46
1185 1340 1242 1405 sq,
1265 1321 1384 1405 quibus

229 1426 432 1512 respondent.
470 1428 583 1507 Itaque
605 1446 669 1493 non
691 1445 711 1492 a
733 1446 764 1491 u
786 1425 858 1506 V5,
875 1428 932 1506 43,
964 1420 1050 1504 quod
1073 1424 1185 1490 statuit
1206 1424 1384 1508 Hasperus,

140 1597 142 1599 ,
229 1528 287 1596 sed
308 1529 383 1595 inde
406 1549 427 1595 a
449 1533 490 1594 36
513 1526 672 1612 duplicem
694 1526 849 1592 habemus
871 1527 1096 1592 recensionem.

313 1631 428 1697 Eidem
444 1629 538 1696 militi
553 1634 720 1711 praeterea
734 1648 763 1693 u.
783 1631 822 1692 39
838 1627 1057 1711 adsignandus
1072 1628 1208 1711 uidetur,
1232 1627 1286 1709 qui
1301 1628 1384 1693 satis

228 1734 354 1818 ineptus
382 1737 432 1798 est
459 1730 502 1796 ab
525 1730 733 1810 Agorastocle
761 1730 992 1814 pronuntiatus.
1011 1805 1014 1815 Δ
1036 1730 1141 1796 Simili
1170 1730 1255 1796 enim
1284 1728 1383 1795 modo

229 1841 325 1917 atque
339 1834 372 1898 in
387 1832 525 1917 genuino
541 1832 628 1898 exitu
643 1830 696 1896 hic
711 1851 848 1914 quoque,
871 1836 1041 1915 postquam
1063 1838 1096 1896 et
1113 1832 1227 1897 Hanno
1248 1837 1280 1896 et
1295 1833 1383 1914 Ago-

228 1937 381 2003 rastocles
403 1936 551 2002 lenonem
573 1932 807 2017 supplicantem
828 1932 957 2019 impune
979 1932 1182 2015 dimiserunt,
1207 1935 1382 1999 Antamoe·

227 2039 319 2106 nidos
337 2037 532 2104 accusatoris
553 2043 661 2121 partes
684 2033 825 2117 suscipit,
848 2041 945 2118 atque
965 2035 1001 2100 id
1023 2034 1153 2117 quidem
1176 2035 1283 2110 statim
1306 2056 1381 2120 pro-

226 2139 340 2222 fitetur,
362 2159 403 2205 ne
425 2137 558 2222 effugiat
580 2139 702 2222 Lycus:
733 2136 799 2202 iam
822 2156 851 2202 u.
868 2141 908 2201 40
931 2137 1115 2204 recordatur
1136 2136 1301 2203 Hannonis
1324 2157 1380 2203 ue-

226 2243 312 2310 niam
327 2241 389 2307 sibi
404 2239 617 2323 expetendam
633 2258 712 2323 esse,
736 2258 799 2319 qua
821 2238 992 2321 impetrata
1014 2238 1226 2305 accusationis
1249 2257 1380 2304 oausam

227 2365 255 2410 u.
279 2349 319 2407 44
342 2343 475 2428 profert:
508 2343 554 2404 Ta
584 2338 686 2423 (quod
707 2340 815 2402 Poeno
839 2360 869 2408 u.
891 2345 932 2404 40
955 2339 1139 2425 opponitur)
1169 2350 1223 2402 out
1246 2341 1380 2402 amicam

227 2445 305 2508 milri
325 2445 379 2506 des
391 2443 500 2527 sonito
523 2452 578 2503 out
601 2443 680 2504 uurz'·
693 2441 770 2502 mili
790 2441 907 2504 reddas
928 2444 1051 2505 mr'uum.

311 2547 417 2627 Atque
439 2549 474 2609 ut
502 2543 707 2610 absoluamus
736 2542 820 2608 huno
850 2543 891 2610 de
920 2563 1127 2628 personarum
1156 2544 1379 2609 distributione

227 2648 346 2714 locum:
368 2667 398 2712 u.
414 2649 454 2709 27
479 2645 579 2712 uerba
598 2642 711 2707 Omitte
724 2665 824 2727 penos
847 2646 1013 2712 Hannonis
1029 2666 1099 2713 esse
1115 2648 1167 2712 uel
1181 2647 1380 2729 insequentis

226 2769 337 2816 uersus
359 2745 571 2814 consideratio
593 2746 710 2813 docere
731 2753 865 2832 poterat.
910 2748 994 2814 Nam
1016 2768 1058 2814 ue
1080 2748 1201 2841 obicias
1223 2747 1293 2815 fieri
1314 2769 1379 2815 non

227 2871 337 2936 posse,
367 2855 401 2914 ut
425 2869 453 2914 ιι.
476 2852 516 2912 26
546 2848 868 2932 oum'subsequentis
896 2849 1051 2934 principio
1080 2850 1204 2929 iunctus
1230 2851 1379 2917 Hannoni

226 2953 391 3035 tribuatur,
412 2970 453 3017 ne
469 2949 614 3017 hocloco
630 2951 826 3034 planeidem
846 2951 932 3017 dicat
954 2951 1039 3032 quod
1062 2953 1158 3037 paulo
1180 2962 1253 3036 post
1274 2973 1303 3018 u.
1321 2956 1378 3017 32:

227 3054 307 3120 haec
322 3052 495 3120 similitudo
511 3053 564 3119 uel
578 3053 685 3137 potius
705 3053 840 3119 iteratae
856 3053 1033 3119 sententiae
1049 3073 1174 3119 summa
1188 3054 1378 3138 aequalitas,

227 3155 383 3238 quidquid
399 3155 438 3221 de
453 3155 597 3238 personis
612 3154 771 3237 statueris,
795 3161 861 3220 tam
876 3154 1013 3221 molesta
1035 3157 1221 3240 remanebit,
1243 3162 1279 3221 ut
1300 3155 1379 3238 quin

35 3234 44 3249 ⁸
105 3330 108 3334 Α
227 3257 415 3324 eximendus
433 3257 475 3322 sit
495 3277 513 3323 e
536 3262 713 3323 ceterorum
736 3257 888 3345 societate
911 3277 940 3322 ιι.
958 3261 998 3322 26
1020 3277 1083 3324 uon
1105 3259 1206 3340 possit
1228 3258 1378 3325 dubitari.

227 3358 285 3426 Oui
300 3358 375 3424 uide
390 3376 430 3424 ne
445 3358 641 3444 adiungendi
661 3360 725 3424 sint
746 3377 775 3424 ιι.
796 3362 833 3422 15
845 3377 903 3443 sq,
925 3359 988 3444 ipsi
1011 3379 1137 3443 quoque
1161 3360 1239 3425 mire
1260 3360 1378 3444 impor-

109 3485 111 3488 ’
225 3460 294 3527 tuni
315 3465 387 3545 post
409 3479 438 3525 u.
463 3464 603 3543 12-14,
632 3460 708 3526 lieet
730 3460 949 3546 descriptura
976 3462 1171 3529 restituenda
1200 3462 1381 3545 quamlibet

226 3562 389 3644 excogites
412 3560 611 3628 sententiam.
675 3555 684 3574 ¹

311 3663 397 3741 Quos
420 3662 549 3747 quidem
572 3681 682 3728 uersus
704 3699 745 3708 -
768 3664 889 3731 utiam
912 3684 1068 3730 summam
1091 3665 1137 3730 rei
1163 3664 1312 3749 profitear
1336 3703 1379 3712 -

225 3765 291 3831 noli
314 3761 444 3830 credere
466 3784 507 3830 ex
529 3764 593 3831 alio
616 3764 702 3833 fonte
724 3765 855 3833 fluxisse
878 3786 973 3847 quam
996 3787 1036 3833 ex
1062 3766 1216 3833 iterata
1237 3767 1379 3834 subdi-

225 3865 314 3932 ticii
337 3864 456 3931 huius
479 3866 612 3933 exitus
634 3868 944 3935 retractatione.
981 3867 1072 3936 Idem
1096 3869 1180 3936 enim
1204 3869 1285 3936 illud
1307 3889 1380 3937 uer-

224 3987 278 4034 sus
294 3971 310 4030 'l
325 3986 380 4052 qu
397 3970 604 4051 comprobare
619 3969 777 4053 uidentur,
800 3969 855 4051 qui
870 3976 979 4054 aperte
995 3975 1141 4055 spectant
1155 3970 1199 4038 ad
1214 3991 1243 4037 u.
1261 3975 1298 4035 21
1312 3991 1379 4057 sq.;

223 4123 427 4133 ...-

313 4206 335 4267 1)
352 4202 395 4258 Ne
412 4203 477 4271 quid
494 4218 577 4268 erres,
595 4202 728 4270 vulgatae
745 4219 840 4260 moneo
858 4220 901 4260 me
917 4205 1075 4273 intellegere
1092 4220 1221 4262 uersuum
1239 4220 1378 4274 numeros,

224 4303 278 4343 non
295 4302 342 4342 eos
360 4301 429 4355 quos
447 4287 572 4357 appinxit
590 4287 743 4358 Geppertus
760 4288 823 4344 inde
840 4305 857 4343 a
873 4305 900 4344 u.
920 4293 949 4343 12
969 4305 1024 4345 uno
1042 4289 1168 4346 minores.
