2940 5144
363 737 405 790 Dc
422 735 590 791 Bacchidum
609 735 753 790 Plautinae
770 733 964 794 retractatione
982 740 1114 794 scaenica.
1251 739 1310 800 135

245 911 444 974 Documento
461 912 509 972 cst
523 905 576 970 hic
590 905 660 988 ipsc
677 924 772 986 quem
788 906 884 972 modo
900 910 1116 976 tractabamus
1137 930 1309 979 scaenae

160 1012 306 1077 exitus.
344 1007 409 1073 Ubi
434 1005 559 1074 etiamsi
582 1004 717 1091 duplicis
740 1007 936 1086 quaestionis
959 1029 1041 1092 quae
1061 1010 1164 1077 inerat
1185 1013 1218 1077 in
1239 1031 1309 1079 uer·

159 1113 249 1177 sibus
272 1111 440 1173 358—360
467 1105 701 1173 incommodum
722 1107 931 1191 remouimus,
959 1115 1058 1175 restat
1079 1117 1186 1178 tamen
1208 1113 1309 1197 ipsius

161 1209 247 1294 quod
269 1208 470 1290 consequitur
492 1228 543 1274 uu.
564 1212 731 1273 361-365
754 1209 899 1290 responsi
921 1229 1038 1293 anceps
1061 1216 1188 1277 natura:
1219 1215 1307 1281 ouius

160 1319 295 1393 utraque
317 1329 391 1395 pars
415 1315 532 1390 quanto
556 1308 662 1392 aptius
683 1329 742 1393 per
763 1329 798 1374 se
821 1310 891 1375 sola
912 1308 1082 1394 consistat,
1113 1313 1164 1379 uel
1192 1315 1307 1387 extrin-

159 1433 250 1480 secus
272 1411 429 1478 indicatur
451 1410 501 1477 bis
523 1410 629 1492 posita
650 1409 868 1477 interiectione
891 1410 1007 1495 terete,
1029 1430 1093 1493 qua
1116 1412 1244 1481 effertur
1267 1435 1308 1482 ex

121 1564 126 1584 .
158 1534 193 1579 so
216 1513 286 1580 sola
307 1520 385 1598 apta
407 1519 438 1580 et
459 1513 547 1597 prior
568 1517 599 1578 ct
621 1511 778 1594 posterior
801 1511 984 1578 enuntiatio.
1022 1515 1173 1580 Attamen
1194 1516 1307 1581 utrius-

158 1634 219 1696 que
243 1636 282 1682 ea
305 1619 355 1681 est
375 1615 492 1696 uirtus,
521 1620 557 1680 ut
578 1612 673 1679 ualde
695 1613 816 1696 ambigi
838 1613 954 1696 possit,
982 1619 1053 1680 utra
1073 1615 1180 1698 potius
1202 1616 1306 1701 ipsum

156 1718 306 1783 Plautum
321 1721 483 1783 auctorem
498 1714 618 1783 habero
640 1701 801 1781 credenda
821 1714 877 1780 sit:
900 1712 941 1780 dc
963 1716 1189 1800 interpolatore
1211 1718 1307 1803 igitur

156 1820 188 1886 in
210 1819 260 1885 his
282 1836 411 1904 prorsus
427 1814 596 1882 abicienda
618 1822 667 1880 est
688 1816 837 1899 suspicio.
875 1814 979 1893 Quare
1002 1817 1044 1883 ad
1065 1822 1305 1887 retractatorem

155 1921 335 1988 scaenicum
350 1918 455 1985 uerius
474 1917 659 1983 alterutrum
681 1936 830 1983 uersuum
851 1937 910 2002 par
931 1917 1104 1986 referentes
1126 1921 1172 1987 sic
1193 1918 1302 1986 discri-

111 2057 113 2060 ·
155 2023 267 2089 bornus
289 2027 448 2089 extremos
470 2019 564 2084 huius
586 2038 722 2084 scaenae
744 2037 869 2084 uersus:

607 2235 702 2289 Recc.
720 2235 745 2286 A
763 2239 796 2289 et
812 2235 843 2288 Β.

307 2351 396 2409 Senex
412 2354 440 2407 in
457 2353 597 2422 Ephesum
615 2354 680 2428 bttet
697 2367 794 2407 aurum
812 2342 962 2408 arcessere:

306 2439 357 2492 Hic
375 2440 470 2493 ndstra
487 2442 582 2505 agetur
600 2437 676 2492 aetas
693 2438 721 2491 in
738 2437 871 2491 malacum
887 2438 1003 2505 modum,
1059 2503 1061 2511 .

306 2522 443 2590 Siquidem
460 2521 506 2576 hle
523 2523 656 2590 relinquet
673 2522 761 2590 neque
778 2536 869 2577 secum
886 2522 1003 2576 abducet
1020 2525 1108 2578 semul

305 2606 370 2661 Med
388 2604 416 2660 et
433 2605 637 2662 Mnesilochum.
665 2604 731 2675 quis
749 2621 798 2674 ego
816 2607 860 2661 hic
878 2610 974 2664 turbas
993 2607 1071 2665 dabo.

305 2691 358 2747 Sed
375 2692 439 2760 quid
455 2692 610 2758 futurumst,
629 2707 709 2758 quom
726 2692 779 2746 hoc
797 2706 879 2746 senex
896 2694 1053 2748 resciucrit?
1252 2698 1303 2748 358

655 2841 734 2914 Rec.
752 2861 784 2912 A.

305 2977 391 3034 Credo
408 2978 509 3045 hercle,
526 2979 673 3034 adueniens
692 2981 790 3036 nomen
806 2983 923 3037 mutabit
940 2982 1004 3037 mihi

302 3065 449 3132 Facietque
466 3064 600 3133 extemplo
618 3063 787 3119 (tricisalum
804 3081 846 3120 me
863 3081 897 3120 ex
915 3066 1052 3135 (thry'salo.

658 3231 734 3284 Rec.
752 3231 785 3283 B.

301 3348 440 3416 Aufdgero
458 3347 557 3410 hercle,
576 3348 598 3399 sl
616 3346 700 3412 magis
718 3361 784 3400 usus
803 3344 921 3400 uenerit:

301 3435 330 3489 Si
347 3432 385 3487 illi
403 3437 466 3485 sunt
483 3431 575 3497 uirgae
593 3427 659 3494 riui,
678 3433 707 3483 at
723 3430 787 3483 mihi
805 3433 909 3498 tergum
926 3427 1031 3483 domist.

600 3597 697 3653 Recc.
716 3599 741 3650 A
759 3602 790 3650 et
807 3597 838 3650 B.

301 3719 380 3773 Nunc
398 3718 457 3771 lbo:
477 3715 535 3770 erili
553 3714 611 3774 filio
628 3714 700 3768 hanc
717 3711 848 3769 fabricam
865 3713 935 3767 dabo
959 3744 962 3749 ν

300 3795 388 3869 Super
405 3804 472 3855 auro
491 3799 630 3866 amicaque
648 3798 706 3876 elus
724 3798 835 3852 inuenta
853 3796 997 3852 Bacchide.

182 3925 282 3966 Adrtot.
301 3926 379 3967 crta:

250 3989 308 4040 354.
326 3993 379 4035 bitet
392 3994 415 4037 G.
430 3992 525 4035 loeutus
537 3991 559 4034 r'rr
573 3991 683 4034 lacteolis
695 3990 766 4033 Ptout.
780 4002 804 4044 p.
815 3991 863 4035 itt.
890 3990 928 4033 ibit
942 3990 1001 4040 libri,
1019 3991 1146 4045 Spcoqctius
1158 3990 1182 4033 Τ.
1191 3990 1218 4035 li.
1228 3992 1299 4039 Ptcat.

178 4073 201 4114 p.
214 4061 261 4110 190,
281 4063 326 4105 Usa.
354 4061 405 4105 hinc
422 4061 461 4106 ibit
479 4059 605 4103 Gnmcrorto
624 4061 677 4101 doce
695 4058 765 4106 editt,
783 4057 899 4102 ilrrettcrns
915 4059 970 4100 nod.
989 4059 1049 4103 Paos.
1066 4059 1099 4101 ΡΙ.
1114 4060 1193 4112 pud
1213 4053 1217 4122 Ι
1239 4059 1298 4110 356,

181 4130 253 4170 scinnl
269 4129 319 4171 ltro.
340 4140 408 4172 saner
426 4129 485 4177 libri,
502 4127 566 4175 cota.
582 4119 586 4187 Ι
602 4124 660 4175 35'l.
680 4124 730 4167 med
743 4131 765 4166 et
782 4137 829 4167 oum
847 4125 908 4168 libris
921 4125 1001 4167 liitsch.
1019 4124 1074 4184 (aid.
1087 4125 1142 4169 Nou.
1154 4128 1206 4171 Eae.
1216 4140 1239 4181 p.
1251 4126 1298 4187 28),

180 4196 260 4245 Flech„
278 4197 420 4239 Buechelerus
431 4197 458 4239 dc
471 4195 526 4238 dect.
541 4207 564 4247 p.
576 4196 618 4241 25.-
638 4194 665 4248 εἴ.
684 4192 849 4246 Umpfeohochit
862 4191 969 4235 Meleteas.
987 4193 1019 4235 Pt.
1034 4205 1058 4245 p.
1069 4192 1108 4242 32,
1126 4193 1226 4237 Macttdrt
1239 4195 1299 4239 Pros.

180 4264 213 4307 Pt.
228 4277 251 4317 p.
263 4265 316 4311 752.
333 4259 337 4325 Ι
353 4262 412 4312 359.
432 4262 480 4312 360
499 4269 520 4305 et
538 4260 588 4310 36⁵.
606 4260 749 4315 toterpctotos
767 4261 812 4303 aid.
827 4260 887 4315 §tt
910 4252 915 4322 Ι
937 4257 984 4306 361
996 4268 1037 4321 sq.
1056 4259 1084 4312 cf·
1101 4258 1296 4323 Poen.lt¹2,⁶t.t

181 4329 230 4379 366
240 4340 280 4396 sq.
306 4333 350 4375 llos
367 4344 403 4374 au.
420 4333 482 4375 aucis
499 4331 638 4373 circumdatis
654 4334 764 4381 camactos
780 4328 867 4370 notauit
884 4327 1010 4379 Ussinpius,
1029 4338 1077 4368 oum
1095 4339 1163 4381 oeque
1174 4330 1299 4383 ‘recantatis

179 4400 269 4453 riparum
288 4400 348 4456 (quid
359 4401 388 4443 stt
401 4399 554 4454 stqrrtptcotum,
572 4410 606 4439 aa.
617 4394 735 4441 dectoroat
744 4397 787 4439 394
795 4408 840 4449 sq:
857 4395 952 4438 similem
963 4395 1158 4447 traditoqucrrttom
1166 4403 1234 4450 poeto
1248 4407 1298 4440 sne-

176 4470 227 4520 ptas
240 4480 304 4511 ocsus
316 4474 355 4517 est,
375 4470 433 4512 aetat
445 4467 491 4512 litt.
502 4464 554 4525 did)
571 4466 626 4509 sotis
638 4471 774 4520 perspectam
786 4464 953 4518 habereturque
964 4463 1097 4506 locutionem
1114 4463 1221 4509 fabricam
1240 4463 1299 4508 dabo
