2940 5144
136 308 140 317 “
180 320 204 351 ·-
251 308 385 351 -namea
412 294 679 349 nummus
1187 300 1222 331 ἢ,
1256 316 1260 323 Ι

76 344 178 353 *ιι--

369 761 412 815 De
429 760 595 816 Bacchidem
612 760 754 815 Plautinae
771 761 967 817 retractatione
986 761 1120 817 scaenica.
1258 762 1317 823 153

157 936 193 1002 in
210 932 376 1019 superiore
390 931 597 999 adnotatione
611 932 740 1016 longum
756 940 826 999 erat
837 932 870 1017 ¹).
907 932 1066 1013 Equidem
1088 939 1189 999 totum
1210 935 1316 1001 locum

159 1035 359 1102 tetrametris
374 1035 555 1101 baochiacis
573 1034 786 1117 conscriptum
808 1054 880 1101 esse
901 1035 1179 1117 persuasissimum
1201 1036 1315 1104 habeo.

160 1135 377 1204 Baeobiaoum
406 1135 489 1202 enim
518 1135 702 1220 rhythmum
731 1136 899 1202 uerborum
933 1154 1029 1201 sonus
1058 1135 1317 1205 manifestissime

162 1236 287 1323 prodit:
312 1237 468 1304 eiusmodi
490 1244 598 1303 autem
621 1239 786 1322 exempla,
810 1238 918 1321 qualia
940 1236 1017 1302 olim
1039 1237 1317 1304 conformauerunt

167 1337 404 1406 Studemundus
426 1344 459 1404 et
480 1337 674 1422 Seyffertus,
703 1359 805 1422 nuper
826 1338 1012 1422 Ussingius,
1042 1358 1083 1404 ex
1107 1336 1316 1406 diuersissimi

167 1439 291 1523 generis
311 1438 421 1506 metris
444 1438 562 1523 mixta,
590 1441 780 1524 praesertim
802 1439 835 1504 iu
858 1440 985 1524 dialogo
1008 1440 1096 1505 nullo
1120 1439 1215 1505 modo
1244 1461 1316 1524 pro·

167 1540 236 1607 bari
256 1547 404 1627 possunt,
432 1540 495 1606 nisi
517 1540 567 1606 cui
595 1542 708 1622 religio
737 1543 779 1606 sit
809 1562 872 1606 non
900 1540 1115 1625 pulcherrima
1136 1541 1316 1623 Plautoque

164 1641 354 1726 dignissima
370 1641 495 1725 ducere,
519 1663 602 1726 quae
618 1663 691 1709 eum
706 1643 872 1726 scripsisse
888 1642 1087 1729 conclament
1102 1642 1234 1708 librarii.
1266 1645 1316 1710 De

163 1743 227 1810 hoc
242 1763 304 1810 uno
320 1742 461 1809 dubitari
480 1750 615 1829 poterat,
638 1765 713 1809 num
736 1744 829 1829 primi
851 1763 986 1810 scaenae
1009 1763 1118 1810 uersus
1140 1744 1186 1809 ita
1208 1743 1313 1830 dispo-

160 1842 261 1910 nendi
276 1851 391 1928 essent,
414 1850 448 1911 ut
463 1843 588 1911 duobus
603 1846 796 1912 tetrametris
812 1845 923 1912 bacoh.
939 1845 1074 1928 singulis
1096 1846 1316 1913 subicerentur

161 1946 326 2013 clausulae
344 1945 516 2012 iambioae:
539 1965 644 2027 neque
667 1952 774 2013 tamen
795 1947 954 2031 recipiunt
974 1946 1093 2012 tradita
1114 1948 1215 2013 uerba
1236 1949 1314 2015 iam·

160 2047 270 2114 bioum
283 2048 491 2131 numeruml).
524 2048 647 2130 ltaque,
670 2068 742 2114 cum
756 2049 952 2114 hexametris
967 2047 1147 2114 baochiacis
1163 2055 1218 2115 aut
1236 2070 1314 2115 nun-

161 2167 260 2230 quam
280 2155 336 2215 aut
356 2146 517 2215 rarissime
539 2150 687 2215 Plautum
709 2169 801 2216 usum
826 2169 897 2216 esse
918 2168 994 2215 uere
1016 2149 1205 2216 obseruasse
1226 2149 1314 2216 uide-

159 2254 270 2316 rentur
285 2250 463 2334 Seyffertus
487 2252 526 2317 dc
549 2251 660 2317 bacch.
677 2270 757 2316 uers.
773 2270 819 2316 us.
835 2250 940 2316 Plaut.
956 2269 986 2333 p.
1004 2254 1129 2315 34-36
1152 2256 1185 2316 et
1199 2250 1314 2317 Stude-

160 2349 298 2418 mundus
316 2352 455 2418 decant.
472 2353 622 2437 Plautp.
639 2356 690 2435 34,
713 2352 896 2419 Hermanno
920 2352 1001 2418 duce
1024 2357 1090 2418 tres
1111 2357 1314 2420 tetrametros

161 2472 258 2534 quam
281 2473 352 2519 cum
374 2454 549 2521 Ritschclio
571 2454 846 2537 Fleckeiseuoque
869 2450 949 2519 duos
970 2453 1175 2521 hexametros
1199 2454 1313 2520 consti·

159 2558 250 2621 tuere
264 2554 373 2638 malui.
408 2556 536 2641 Optime
551 2563 659 2623 autem
673 2556 707 2622 in
722 2562 857 2637 utraque
872 2553 1056 2622 recensione
1071 2554 1314 2621 baochiacorum

160 2656 260 2724 series
281 2657 314 2722 in
336 2658 508 2724 iambicam
535 2659 652 2725 desinit
680 2659 874 2742 clausulam,
903 2656 1018 2740 quibus
1046 2654 1079 2721 in
1107 2656 1187 2731 loeis
1215 2656 1312 2723 hexa-

159 2765 278 2826 metros
293 2760 405 2826 baooh.
428 2759 542 2827 iterum
556 2761 751 2829 Ritschclius
774 2766 807 2828 et
820 2759 1049 2828 Fleckeisenus
1071 2756 1313 2841 discripserunt:

160 2878 368 2945 quamquam,
394 2868 489 2946 prout
510 2884 528 2929 e
551 2883 580 2928 u.
600 2862 693 2928 11401
716 2864 918 2931 Hermannus
940 2860 1173 2947 supplementis
1195 2858 1314 2926 additis

160 2966 378 3030 tetrametrum
401 2962 523 3048 effecit,
550 2967 598 3032 ita
618 2987 683 3033 non
705 2966 813 3048 magni
836 2971 905 3032 erat
927 2964 1032 3049 operis
1057 2963 1089 3028 in
1118 2983 1181 3030 ree.
1204 2961 1231 3025 B
1261 2961 1313 3027 uel

159 3061 221 3130 hoo
244 3067 392 3150 exemplo
414 3071 616 3134 tetrametros
640 3068 840 3134 continuare:

321 3199 427 3254 Stultae
446 3196 554 3254 ecastor
571 3196 653 3266 atque
670 3199 725 3251 hau
743 3196 830 3250 malae
848 3198 908 3250 esse
925 3196 993 3250 haec
1011 3193 1149 3248 uidentur.

148 3316 228 3395 ¹Quo
252 3318 380 3401 quidem
402 3318 435 3382 in
457 3318 631 3400 uersiculo,
661 3317 715 3397 qui
744 3321 792 3380 est
820 3312 927 3396 1139b,
958 3311 1114 3395 quidquid
1142 3310 1183 3376 de
1212 3317 1312 3377 metro

159 3420 292 3504 statuis,
315 3418 504 3487 temeritatis
526 3419 644 3484 crimen
665 3417 720 3482 uix
743 3408 886 3498 effrrgies,
910 3413 938 3480 si
959 3413 1104 3479 omittere
1126 3411 1207 3477 uelis
1230 3411 1317 3474 baud
1339 3460 1342 3469 .

157 3517 255 3601 illud,
280 3522 366 3603 quod
390 3520 423 3584 in
445 3521 561 3586 Vetere
583 3518 721 3583 Hiuckio
744 3523 874 3583 auctore
896 3533 1009 3579 manus
1033 3513 1147 3579 eadem
1169 3511 1313 3580 addidit:

159 3638 242 3698 quae
260 3622 375 3686 uocula
397 3626 432 3685 ut
453 3621 627 3686 retineatur
648 3618 784 3686 suadere
806 3616 933 3683 uidetur
954 3635 1025 3680 cum
1048 3634 1123 3680 usus
1146 3616 1313 3682 Plautinus

162 3750 365 3762 ’κ-

246 3814 270 3874 Ῑ)
295 3813 324 3867 si
348 3816 408 3882 quis
431 3816 527 3871 harum
550 3834 639 3873 rerum
662 3819 762 3874 habeat
785 3835 878 3884 usum,
902 3817 961 3886 ipse
983 3815 1110 3884 inspiciat
1134 3813 1312 3870 Studemundi

90 3890 94 3897 '
156 3893 278 3948 libellum
296 3897 446 3955 decentio.
465 3902 508 3955 Pl.
523 3918 551 3969 p.
570 3908 610 3957 85.
631 3907 672 3956 34.
690 3908 732 3955 44.
752 3907 793 3956 28.
810 3907 852 3956 33.
868 3907 908 3956 51).
924 3906 966 3967 45,
985 3900 1146 3969 Seyffertum
1164 3899 1198 3952 de
1215 3900 1312 3954 bacch.

156 3994 228 4033 uers.
246 3996 300 4036 usu
317 3983 358 4038 Pl.
376 3999 405 4052 p.
424 3989 465 4038 32.
484 3990 527 4039 36.
545 3991 587 4039 45.
605 3990 647 4039 16.
665 3991 707 4040 25.
726 3991 773 4051 41),
800 3985 970 4054 Spengelium
987 3984 1020 4039 de
1040 3990 1104 4047 eret.
1123 3999 1194 4039 uere.
1212 4000 1253 4038 us.
1270 3984 1311 4037 Pl.

156 4081 182 4133 p.
197 4067 229 4117 23
239 4079 280 4134 sq.
299 4072 327 4122 ct
344 4067 376 4123 T.
388 4069 426 4122 M.
438 4069 553 4124 Plautus
571 4087 598 4138 p.
614 4075 661 4123 119
672 4086 719 4138 sq,
739 4071 808 4125 conl.
825 4070 867 4136 iis,
886 4084 956 4137 quae
968 4068 1114 4124 Muellerus
1132 4068 1161 4122 in
1177 4069 1254 4123 Pros.
1270 4067 1312 4120 Pl.

155 4164 181 4217 p.
193 4153 313 4205 205195
332 4158 359 4206 et
376 4153 447 4207 Add.
465 4171 492 4222 p.
508 4159 539 4209 23
559 4157 587 4209 et
604 4153 736 4209 Christius
755 4154 784 4207 in
800 4154 870 4208 libro
889 4153 923 4207 de
940 4151 1026 4206 doctr.
1044 4154 1148 4208 metric.
1166 4169 1194 4220 p.
1210 4157 1259 4205 155
1270 4166 1311 4217 sq.

157 4233 376 4304 disputauerunt,
393 4237 513 4307 Ussingii
530 4239 646 4306 denique
665 4237 880 4293 commentarios.

242 4325 269 4387 2)
287 4321 329 4377 Of.
342 4322 512 4391 Spengelium
524 4327 551 4377 et
563 4323 708 4377 christiam
720 4323 747 4377 ll.
760 4323 789 4376 ll.
802 4321 870 4376 conl.
883 4319 1031 4375 Schmidtio
1050 4319 1083 4374 de
1100 4335 1222 4388 pronom.
1241 4319 1314 4371 dem.

155 4403 233 4458 form.
251 4406 294 4461 Pl.
311 4423 338 4476 p.
352 4411 398 4475 25;
417 4422 513 4476 parum
531 4407 677 4476 placebant
694 4422 764 4476 quae
781 4407 983 4461 Lindemannus
1000 4404 1143 4472 proposuit
1160 4405 1230 4460 Nou.
1249 4413 1315 4456 anm

156 4494 221 4542 119
240 4495 275 4555 (a.
287 4496 363 4557 rear)
381 4509 407 4561 p.
423 4497 479 4546 rsa.
